day;timestamp;product;bid_price_1;bid_volume_1;bid_price_2;bid_volume_2;bid_price_3;bid_volume_3;ask_price_1;ask_volume_1;ask_price_2;ask_volume_2;ask_price_3;ask_volume_3;mid_price;profit_and_loss
0;0;RAINFOREST_RESIN;9998;9;9995;23;;;10005;23;;;;;10001.5;0.0
0;0;KELP;2028;23;;;;;2032;23;;;;;2030.0;0.0
0;0;SQUID_INK;1968;23;;;;;1971;23;;;;;1969.5;0.0
0;100;SQUID_INK;1970;1;1969;2;1967;22;1971;22;;;;;1970.5;0.0
0;100;KELP;2031;1;2030;2;2028;22;2032;22;;;;;2031.5;0.0
0;100;RAINFOREST_RESIN;10002;1;10000;2;9998;4;10004;1;10005;21;;;10003.0;0.0
0;200;SQUID_INK;1966;1;1965;21;;;1969;22;;;;;1967.5;2.9150390625
0;200;RAINFOREST_RESIN;9996;1;9995;21;;;10004;1;10005;21;;;10000.0;0.0
0;200;KELP;2029;1;2028;21;;;2032;22;;;;;2030.5;-39.69140625
0;300;SQUID_INK;1967;1;1965;26;;;1968;26;;;;;1967.5;4.634521484375
0;300;KELP;2031;1;2029;26;;;2032;26;;;;;2031.5;-36.44921875
0;300;RAINFOREST_RESIN;9995;26;;;;;10005;26;;;;;10000.0;0.0
0;400;RAINFOREST_RESIN;9998;8;9996;2;9995;26;10004;2;10005;26;;;10001.0;0.0
0;400;KELP;2029;2;2028;26;;;2032;28;;;;;2030.5;-87.578125
0;400;SQUID_INK;1966;28;;;;;1969;28;;;;;1967.5;-8.7421875
0;500;SQUID_INK;1966;24;;;;;1968;3;1970;24;;;1967.0;3.953125
0;500;KELP;2028;24;;;;;2030;3;2031;24;;;2029.0;-106.7421875
0;500;RAINFOREST_RESIN;9998;8;9996;1;9995;23;10004;1;10005;23;;;10001.0;0.0
0;600;SQUID_INK;1967;5;1965;30;;;1968;30;;;;;1967.5;-28.0625
0;600;RAINFOREST_RESIN;9996;2;9995;28;;;10004;2;10005;28;;;10000.0;0.0
0;600;KELP;2030;5;2028;30;;;2031;30;;;;;2030.5;-107.34375
0;700;SQUID_INK;1967;22;;;;;1970;23;;;;;1968.5;26.7734375
0;700;KELP;2028;22;;;;;2032;23;;;;;2030.0;-91.890625
0;700;RAINFOREST_RESIN;9996;1;9995;22;;;10004;1;10005;22;;;10000.0;0.0
0;800;RAINFOREST_RESIN;9996;1;9995;24;;;10000;3;10004;1;10005;24;9998.0;0.0
0;800;KELP;2028;25;;;;;2030;3;2032;25;;;2029.0;-91.203125
0;800;SQUID_INK;1967;25;;;;;1968;3;1970;25;;;1967.5;18.859375
0;900;SQUID_INK;1966;21;;;;;1970;21;;;;;1968.0;0.875
0;900;KELP;2029;21;;;;;2032;21;;;;;2030.5;-79.875
0;900;RAINFOREST_RESIN;9996;1;9995;20;;;9998;11;10004;1;10005;20;9997.0;0.0
0;1000;SQUID_INK;1967;31;;;;;1970;31;;;;;1968.5;39.0703125
0;1000;RAINFOREST_RESIN;9996;1;9995;30;;;10004;1;10005;30;;;10000.0;0.0
0;1000;KELP;2029;31;;;;;2032;31;;;;;2030.5;-70.171875
0;1100;SQUID_INK;1968;22;;;;;1971;22;;;;;1969.5;70.453125
0;1100;KELP;2029;22;;;;;2032;22;;;;;2030.5;-69.40625
0;1100;RAINFOREST_RESIN;9996;1;9995;21;;;10002;6;10004;1;10005;21;9999.0;0.0
0;1200;RAINFOREST_RESIN;9996;1;9995;22;;;10004;1;10005;22;;;10000.0;0.0
0;1200;KELP;2029;22;;;;;2033;23;;;;;2031.0;-50.1328125
0;1200;SQUID_INK;1968;22;;;;;1971;23;;;;;1969.5;89.8515625
0;1300;SQUID_INK;1968;25;;;;;1971;25;;;;;1969.5;76.640625
0;1300;KELP;2029;25;;;;;2033;25;;;;;2031.0;-43.15625
0;1300;RAINFOREST_RESIN;10002;1;9995;25;;;10005;25;;;;;10003.5;0.0
0;1400;SQUID_INK;1968;23;;;;;1970;6;1972;23;;;1969.0;106.859375
0;1400;RAINFOREST_RESIN;9995;23;;;;;10000;6;10005;23;;;9997.5;0.0
0;1400;KELP;2029;23;;;;;2030;6;2033;23;;;2029.5;-47.203125
0;1500;SQUID_INK;1971;1;1969;21;;;1972;21;;;;;1971.5;124.890625
0;1500;KELP;2032;1;2029;21;;;2033;21;;;;;2032.5;-45.3984375
0;1500;RAINFOREST_RESIN;9996;1;9995;20;;;9998;4;10004;1;10005;20;9997.0;0.0
0;1600;RAINFOREST_RESIN;9996;2;9995;28;;;10004;2;10005;28;;;10000.0;0.0
0;1600;KELP;2029;30;;;;;2033;30;;;;;2031.0;-40.875
0;1600;SQUID_INK;1970;30;;;;;1974;30;;;;;1972.0;202.4765625
0;1700;SQUID_INK;1970;28;;;;;1972;8;1973;28;;;1971.0;166.3515625
0;1700;KELP;2029;28;;;;;2031;8;2033;28;;;2030.0;-39.1484375
0;1700;RAINFOREST_RESIN;9995;28;;;;;10005;28;;;;;10000.0;0.0
0;1800;SQUID_INK;1972;4;1971;23;;;1974;23;;;;;1973.0;224.1328125
0;1800;RAINFOREST_RESIN;10000;4;9995;23;;;10002;10;10005;23;;;10001.0;0.0
0;1800;KELP;2031;4;2029;23;;;2033;23;;;;;2032.0;-43.90625
0;1900;SQUID_INK;1969;31;;;;;1972;32;;;;;1970.5;124.4765625
0;1900;KELP;2030;31;;;;;2033;32;;;;;2031.5;-29.09375
0;1900;RAINFOREST_RESIN;9996;2;9995;30;;;10004;2;10005;30;;;10000.0;0.0
0;2000;RAINFOREST_RESIN;9996;2;9995;21;;;10004;2;10005;21;;;10000.0;0.0
0;2000;KELP;2030;23;;;;;2033;23;;;;;2031.5;-27.2734375
0;2000;SQUID_INK;1972;23;;;;;1975;23;;;;;1973.5;283.4296875
0;2100;KELP;2030;28;;;;;2032;5;2033;2;2034;26;2031.0;-8.2890625
0;2100;SQUID_INK;1971;28;;;;;1972;5;1974;28;;;1971.5;211.4609375
0;2100;RAINFOREST_RESIN;9996;2;9995;26;;;10004;2;10005;26;;;10000.0;0.0
0;2200;KELP;2031;4;2030;21;;;2034;21;;;;;2032.5;-5.328125
0;2200;SQUID_INK;1972;5;1971;20;;;1975;21;;;;;1973.5;257.484375
0;2200;RAINFOREST_RESIN;9996;1;9995;20;;;9998;4;10004;1;10005;20;9997.0;0.0
0;2300;SQUID_INK;1972;5;1971;24;;;1975;24;;;;;1973.5;254.046875
0;2300;RAINFOREST_RESIN;9996;2;9995;22;;;10004;2;10005;22;;;10000.0;0.0
0;2300;KELP;2030;29;;;;;2033;24;;;;;2031.5;-12.4765625
0;2400;RAINFOREST_RESIN;9996;2;9995;20;;;10004;2;10005;20;;;10000.0;0.0
0;2400;KELP;2030;22;;;;;2033;22;;;;;2031.5;-15.203125
0;2400;SQUID_INK;1973;22;;;;;1976;22;;;;;1974.5;315.7109375
0;2500;KELP;2030;23;;;;;2033;2;2034;21;;;2031.5;-8.5078125
0;2500;SQUID_INK;1973;2;1972;21;;;1976;23;;;;;1974.5;309.4375
0;2500;RAINFOREST_RESIN;9998;3;9996;2;9995;21;10004;2;10005;21;;;10001.0;0.0
0;2600;KELP;2030;30;;;;;2034;30;;;;;2032.0;-4.4140625
0;2600;SQUID_INK;1972;30;;;;;1975;1;1976;29;;;1973.5;296.640625
0;2600;RAINFOREST_RESIN;10002;1;9996;1;9995;29;10004;1;10005;29;;;10003.0;0.0
0;2700;SQUID_INK;1972;30;;;;;1975;23;;;;;1973.5;274.296875
0;2700;RAINFOREST_RESIN;9998;7;9996;2;9995;21;10004;2;10005;21;;;10001.0;0.0
0;2700;KELP;2031;7;2030;23;;;2033;2;2034;21;;;2032.0;-8.0
0;2800;RAINFOREST_RESIN;9995;27;;;;;10005;27;;;;;10000.0;0.0
0;2800;KELP;2030;27;;;;;2034;27;;;;;2032.0;-1.8046875
0;2800;SQUID_INK;1971;27;;;;;1975;27;;;;;1973.0;251.109375
0;2900;KELP;2030;22;;;;;2034;22;;;;;2032.0;-1.25
0;2900;SQUID_INK;1972;2;1971;20;;;1975;22;;;;;1973.5;258.46875
0;2900;RAINFOREST_RESIN;9996;2;9995;20;;;10004;2;10005;20;;;10000.0;0.0
0;3000;KELP;2032;1;2031;5;2030;30;2034;30;;;;;2033.0;-3.7734375
0;3000;SQUID_INK;1974;1;1972;35;;;1975;30;;;;;1974.5;283.8515625
0;3000;RAINFOREST_RESIN;9996;1;9995;29;;;10004;1;10005;29;;;10000.0;0.0
0;3100;SQUID_INK;1971;28;;;;;1975;28;;;;;1973.0;256.53125
0;3100;RAINFOREST_RESIN;9998;5;9996;1;9995;27;10004;1;10005;27;;;10001.0;0.0
0;3100;KELP;2031;28;;;;;2034;28;;;;;2032.5;9.75
0;3200;RAINFOREST_RESIN;10002;2;9995;24;;;10005;24;;;;;10003.5;0.0
0;3200;KELP;2030;24;;;;;2032;5;2034;24;;;2031.0;4.296875
0;3200;SQUID_INK;1971;24;;;;;1973;5;1975;24;;;1972.0;253.78125
0;3300;KELP;2031;25;;;;;2034;25;;;;;2032.5;15.8515625
0;3300;SQUID_INK;1971;25;;;;;1975;25;;;;;1973.0;252.65625
0;3300;RAINFOREST_RESIN;10002;1;9996;1;9995;24;10004;1;10005;24;;;10003.0;0.0
0;3400;KELP;2030;29;;;;;2034;29;;;;;2032.0;-6.546875
0;3400;SQUID_INK;1971;29;;;;;1974;29;;;;;1972.5;223.640625
0;3400;RAINFOREST_RESIN;9998;10;9996;2;9995;27;10004;2;10005;27;;;10001.0;0.0
0;3500;SQUID_INK;1971;26;;;;;1975;26;;;;;1973.0;244.90625
0;3500;RAINFOREST_RESIN;9995;26;;;;;10002;10;10005;26;;;9998.5;0.0
0;3500;KELP;2031;26;;;;;2034;26;;;;;2032.5;8.890625
0;3600;RAINFOREST_RESIN;9995;27;;;;;10002;8;10005;27;;;9998.5;0.0
0;3600;KELP;2031;27;;;;;2034;27;;;;;2032.5;7.890625
0;3600;SQUID_INK;1971;27;;;;;1974;27;;;;;1972.5;242.1640625
0;3700;KELP;2030;25;;;;;2034;25;;;;;2032.0;4.25
0;3700;RAINFOREST_RESIN;9998;3;9995;25;;;10005;25;;;;;10001.5;0.0
0;3700;SQUID_INK;1971;25;;;;;1974;25;;;;;1972.5;227.53125
0;3800;KELP;2030;24;;;;;2032;7;2033;24;;;2031.0;-17.6640625
0;3800;SQUID_INK;1971;24;;;;;1973;7;1974;24;;;1972.0;216.703125
0;3800;RAINFOREST_RESIN;9995;24;;;;;10005;24;;;;;10000.0;0.0
0;3900;RAINFOREST_RESIN;9996;2;9995;24;;;10004;2;10005;24;;;10000.0;0.0
0;3900;SQUID_INK;1970;27;;;;;1973;26;;;;;1971.5;189.390625
0;3900;KELP;2030;27;;;;;2033;26;;;;;2031.5;-26.1328125
0;4000;RAINFOREST_RESIN;10002;1;9996;1;9995;30;10004;1;10005;30;;;10003.0;0.0
0;4000;KELP;2030;30;;;;;2033;31;;;;;2031.5;-20.0
0;4000;SQUID_INK;1970;30;;;;;1973;31;;;;;1971.5;190.1640625
0;4100;KELP;2031;5;2030;24;;;2033;24;;;;;2032.0;-27.1484375
0;4100;RAINFOREST_RESIN;10000;5;9996;2;9995;22;10002;4;10004;2;10005;22;10001.0;0.0
0;4100;SQUID_INK;1974;5;1973;2;1972;22;1976;24;;;;;1975.0;307.2421875
0;4200;SQUID_INK;1971;29;;;;;1973;7;1974;29;;;1972.0;215.546875
0;4200;KELP;2030;29;;;;;2032;7;2033;29;;;2031.0;-31.5859375
0;4200;RAINFOREST_RESIN;10002;5;9996;1;9995;28;10004;1;10005;28;;;10003.0;0.0
0;4300;RAINFOREST_RESIN;9995;26;;;;;10002;8;10005;26;;;9998.5;0.0
0;4300;SQUID_INK;1970;24;;;;;1973;26;;;;;1971.5;175.25
0;4300;KELP;2030;24;;;;;2033;26;;;;;2031.5;-33.90625
0;4400;RAINFOREST_RESIN;9995;28;;;;;10005;28;;;;;10000.0;0.0
0;4400;SQUID_INK;1970;28;;;;;1974;28;;;;;1972.0;206.9453125
0;4400;KELP;2030;28;;;;;2033;28;;;;;2031.5;-35.6796875
0;4500;KELP;2029;26;;;;;2031;8;2033;26;;;2030.0;-45.640625
0;4500;RAINFOREST_RESIN;9995;26;;;;;10005;26;;;;;10000.0;0.0
0;4500;SQUID_INK;1971;26;;;;;1973;8;1975;26;;;1972.0;246.890625
0;4600;SQUID_INK;1970;21;;;;;1972;3;1974;21;;;1971.0;199.3203125
0;4600;KELP;2029;21;;;;;2031;3;2033;21;;;2030.0;-52.96875
0;4600;RAINFOREST_RESIN;9995;21;;;;;10005;21;;;;;10000.0;0.0
0;4700;RAINFOREST_RESIN;9998;5;9995;26;;;10005;26;;;;;10001.5;0.0
0;4700;SQUID_INK;1970;26;;;;;1974;26;;;;;1972.0;202.0625
0;4700;KELP;2029;26;;;;;2032;26;;;;;2030.5;-56.578125
0;4800;RAINFOREST_RESIN;9996;1;9995;22;;;10004;1;10005;22;;;10000.0;0.0
0;4800;SQUID_INK;1973;1;1971;30;;;1974;23;;;;;1973.5;221.40625
0;4800;KELP;2031;1;2029;30;;;2032;23;;;;;2031.5;-67.7109375
0;4900;KELP;2029;24;;;;;2031;6;2032;24;;;2030.0;-73.8046875
0;4900;RAINFOREST_RESIN;9996;2;9995;22;;;10004;2;10005;22;;;10000.0;0.0
0;4900;SQUID_INK;1972;24;;;;;1974;6;1975;24;;;1973.0;269.8125
0;5000;SQUID_INK;1972;6;1971;30;;;1975;31;;;;;1973.5;261.0234375
0;5000;KELP;2029;6;2028;30;;;2032;31;;;;;2030.5;-83.515625
0;5000;RAINFOREST_RESIN;9998;9;9996;1;9995;30;10004;1;10005;30;;;10001.0;0.0
0;5100;RAINFOREST_RESIN;9995;26;;;;;10005;26;;;;;10000.0;0.0
0;5100;SQUID_INK;1971;26;;;;;1974;26;;;;;1972.5;233.71875
0;5100;KELP;2028;26;;;;;2032;26;;;;;2030.0;-89.953125
0;5200;RAINFOREST_RESIN;10000;5;9998;7;9996;2;10004;2;10005;23;;;10002.0;0.0
0;5200;SQUID_INK;1972;11;1971;25;;;1975;25;;;;;1973.5;250.7890625
0;5200;KELP;2030;5;2029;8;2028;23;2032;25;;;;;2031.0;-81.890625
0;5300;KELP;2029;22;;;;;2032;22;;;;;2030.5;-73.1953125
0;5300;RAINFOREST_RESIN;9995;22;;;;;9998;12;10005;22;;;9996.5;0.0
0;5300;SQUID_INK;1971;22;;;;;1974;22;;;;;1972.5;215.4453125
0;5400;SQUID_INK;1972;30;;;;;1975;30;;;;;1973.5;278.828125
0;5400;KELP;2029;30;;;;;2032;30;;;;;2030.5;-73.1484375
0;5400;RAINFOREST_RESIN;9995;30;;;;;10005;30;;;;;10000.0;0.0
0;5500;RAINFOREST_RESIN;9996;1;9995;28;;;10004;1;10005;28;;;10000.0;4.0
0;5500;SQUID_INK;1972;21;;;;;1975;29;;;;;1973.5;287.1171875
0;5500;KELP;2029;21;;;;;2032;29;;;;;2030.5;-65.5625
0;5600;RAINFOREST_RESIN;9998;2;9996;2;9995;23;10004;2;10005;23;;;10001.0;8.0
0;5600;SQUID_INK;1973;25;;;;;1976;25;;;;;1974.5;315.234375
0;5600;KELP;2029;25;;;;;2032;2;2033;23;;;2030.5;-53.7421875
0;5700;KELP;2030;3;2029;31;;;2033;31;;;;;2031.5;-50.7421875
0;5700;RAINFOREST_RESIN;9996;1;9995;30;;;10004;1;10005;30;;;10000.0;8.0
0;5700;SQUID_INK;1973;3;1972;31;;;1976;31;;;;;1974.5;298.8984375
0;5800;SQUID_INK;1972;30;;;;;1975;30;;;;;1973.5;267.84375
0;5800;KELP;2029;30;;;;;2033;30;;;;;2031.0;-47.1015625
0;5800;RAINFOREST_RESIN;9996;2;9995;28;;;10004;2;10005;28;;;10000.0;8.0
0;5900;RAINFOREST_RESIN;9996;2;9995;21;;;10004;2;10005;21;;;10000.0;8.0
0;5900;SQUID_INK;1972;23;;;;;1975;23;;;;;1973.5;274.84375
0;5900;KELP;2029;23;;;;;2033;23;;;;;2031.0;-46.28125
0;6000;RAINFOREST_RESIN;9995;30;;;;;10002;10;10005;30;;;9998.5;8.0
0;6000;SQUID_INK;1972;30;;;;;1976;30;;;;;1974.0;300.78125
0;6000;KELP;2029;30;;;;;2033;30;;;;;2031.0;-52.453125
0;6100;KELP;2029;25;;;;;2033;25;;;;;2031.0;-47.15625
0;6100;RAINFOREST_RESIN;9996;1;9995;24;;;10004;1;10005;24;;;10000.0;8.0
0;6100;SQUID_INK;1971;25;;;;;1975;25;;;;;1973.0;251.109375
0;6200;SQUID_INK;1975;1;1973;30;;;1976;30;;;;;1975.5;334.96875
0;6200;KELP;2032;1;2029;30;;;2033;30;;;;;2032.5;-46.65625
0;6200;RAINFOREST_RESIN;9998;3;9996;1;9995;29;10004;1;10005;29;;;10001.0;8.0
0;6300;RAINFOREST_RESIN;9995;22;;;;;10005;22;;;;;10000.0;8.0
0;6300;SQUID_INK;1973;22;;;;;1976;22;;;;;1974.5;337.7109375
0;6300;KELP;2029;22;;;;;2033;22;;;;;2031.0;-47.6640625
0;6400;RAINFOREST_RESIN;9996;1;9995;23;;;10002;6;10004;1;10005;23;9999.0;8.0
0;6400;SQUID_INK;1973;24;;;;;1977;24;;;;;1975.0;351.3828125
0;6400;KELP;2029;24;;;;;2032;24;;;;;2030.5;-43.8671875
0;6500;KELP;2029;22;;;;;2032;22;;;;;2030.5;-44.51171875
0;6500;RAINFOREST_RESIN;9995;22;;;;;10005;22;;;;;10000.0;8.0
0;6500;SQUID_INK;1972;22;;;;;1975;22;;;;;1973.5;300.2578125
0;6600;SQUID_INK;1974;22;;;;;1977;29;;;;;1975.5;374.96875
0;6600;KELP;2029;22;;;;;2032;29;;;;;2030.5;-53.41796875
0;6600;RAINFOREST_RESIN;9996;2;9995;27;;;10004;2;10005;27;;;10000.0;8.0
0;6700;RAINFOREST_RESIN;9996;1;9995;30;;;10004;1;10005;30;;;10000.0;8.0
0;6700;SQUID_INK;1973;31;;;;;1975;7;1976;31;;;1974.0;341.640625
0;6700;KELP;2029;31;;;;;2031;7;2032;31;;;2030.0;-44.30859375
0;6800;RAINFOREST_RESIN;10000;5;9996;2;9995;29;10004;2;10005;29;;;10002.0;8.0
0;6800;SQUID_INK;1976;4;1975;2;1974;29;1978;31;;;;;1977.0;390.9609375
0;6800;KELP;2030;4;2029;31;;;2033;31;;;;;2031.5;-34.84375
0;6900;KELP;2030;29;;;;;2032;3;2033;29;;;2031.0;-22.71484375
0;6900;RAINFOREST_RESIN;9996;2;9995;27;;;10004;2;10005;27;;;10000.0;8.0
0;6900;SQUID_INK;1973;29;;;;;1975;3;1976;29;;;1974.0;324.640625
0;7000;SQUID_INK;1973;38;;;;;1976;31;;;;;1974.5;337.6953125
0;7000;KELP;2030;38;;;;;2033;31;;;;;2031.5;-24.28515625
0;7000;RAINFOREST_RESIN;9996;1;9995;30;;;10004;1;10005;30;;;10000.0;8.0
0;7100;RAINFOREST_RESIN;9996;1;9995;30;;;9998;5;10002;7;10004;1;9997.0;8.0
0;7100;SQUID_INK;1975;31;;;;;1978;31;;;;;1976.5;406.921875
0;7100;KELP;2030;31;;;;;2033;31;;;;;2031.5;-22.66015625
0;7200;RAINFOREST_RESIN;9996;1;9995;22;;;10002;1;10004;1;10005;22;9999.0;8.0
0;7200;SQUID_INK;1976;29;;;;;1979;23;;;;;1977.5;440.984375
0;7200;KELP;2030;29;;;;;2033;23;;;;;2031.5;-22.88671875
0;7300;KELP;2030;26;;;;;2033;26;;;;;2031.5;-25.67578125
0;7300;RAINFOREST_RESIN;9996;1;9995;25;;;10004;1;10005;25;;;10000.0;32.0
0;7300;SQUID_INK;1975;26;;;;;1978;26;;;;;1976.5;408.3125
0;7400;SQUID_INK;1975;22;;;;;1978;22;;;;;1976.5;407.6015625
0;7400;KELP;2030;22;;;;;2033;22;;;;;2031.5;-25.953125
0;7400;RAINFOREST_RESIN;10002;1;9995;22;;;10005;22;;;;;10003.5;32.0
0;7500;RAINFOREST_RESIN;9995;29;;;;;10005;29;;;;;10000.0;32.0
0;7500;SQUID_INK;1974;29;;;;;1976;3;1977;29;;;1975.0;393.99609375
0;7500;KELP;2030;29;;;;;2032;3;2033;29;;;2031.0;-15.93359375
0;7600;RAINFOREST_RESIN;10002;1;9995;27;;;10005;27;;;;;10003.5;32.0
0;7600;SQUID_INK;1973;27;;;;;1977;27;;;;;1975.0;379.453125
0;7600;KELP;2030;27;;;;;2033;27;;;;;2031.5;-15.359375
0;7700;KELP;2030;26;;;;;2033;26;;;;;2031.5;-13.8515625
0;7700;RAINFOREST_RESIN;9996;1;9995;25;;;10002;5;10004;1;10005;25;9999.0;32.0
0;7700;SQUID_INK;1974;26;;;;;1977;26;;;;;1975.5;387.09375
0;7800;SQUID_INK;1974;1;1973;23;;;1977;23;;;;;1975.5;379.359375
0;7800;KELP;2030;24;;;;;2033;23;;;;;2031.5;-14.7421875
0;7800;RAINFOREST_RESIN;9995;23;;;;;10005;23;;;;;10000.0;32.0
0;7900;RAINFOREST_RESIN;9996;2;9995;22;;;10002;7;10004;2;10005;22;9999.0;32.0
0;7900;SQUID_INK;1972;24;;;;;1975;2;1976;22;;;1973.5;348.25
0;7900;KELP;2030;24;;;;;2033;24;;;;;2031.5;-14.140625
0;8000;RAINFOREST_RESIN;10000;3;9996;2;9995;28;10004;2;10005;28;;;10002.0;32.0
0;8000;SQUID_INK;1975;1;1974;3;1973;30;1976;30;;;;;1975.5;371.55859375
0;8000;KELP;2032;1;2031;3;2030;2;2033;30;;;;;2032.5;-18.40625
0;8100;KELP;2029;25;;;;;2033;25;;;;;2031.0;-16.3984375
0;8100;RAINFOREST_RESIN;9995;25;;;;;10005;25;;;;;10000.0;32.0
0;8100;SQUID_INK;1973;25;;;;;1976;25;;;;;1974.5;313.8984375
0;8200;RAINFOREST_RESIN;9996;2;9995;25;;;10004;2;10005;25;;;10000.0;32.0
0;8200;SQUID_INK;1976;2;1975;25;;;1979;27;;;;;1977.5;456.421875
0;8200;KELP;2030;27;;;;;2033;27;;;;;2031.5;-11.796875
0;8300;SQUID_INK;1977;28;;;;;1980;28;;;;;1978.5;509.578125
0;8300;KELP;2030;28;;;;;2033;28;;;;;2031.5;-10.74609375
0;8300;RAINFOREST_RESIN;9998;9;9995;28;;;10005;28;;;;;10001.5;32.0
0;8400;RAINFOREST_RESIN;9998;5;9995;29;;;10005;29;;;;;10001.5;32.0
0;8400;SQUID_INK;1976;29;;;;;1980;29;;;;;1978.0;499.703125
0;8400;KELP;2030;29;;;;;2033;29;;;;;2031.5;-12.23828125
0;8500;KELP;2030;35;;;;;2033;27;;;;;2031.5;-10.94140625
0;8500;RAINFOREST_RESIN;9996;2;9995;25;;;10004;2;10005;25;;;10000.0;32.0
0;8500;SQUID_INK;1975;35;;;;;1978;27;;;;;1976.5;419.9921875
0;8600;RAINFOREST_RESIN;9996;2;9995;27;;;10004;2;10005;27;;;10000.0;32.0
0;8600;KELP;2030;29;;;;;2033;29;;;;;2031.5;-9.6796875
0;8600;SQUID_INK;1976;29;;;;;1979;29;;;;;1977.5;464.515625
0;8700;SQUID_INK;1980;1;1978;32;;;1981;24;;;;;1980.5;589.203125
0;8700;KELP;2032;1;2030;32;;;2033;24;;;;;2032.5;-12.5859375
0;8700;RAINFOREST_RESIN;9996;2;9995;22;;;10004;2;10005;22;;;10000.0;32.0
0;8800;SQUID_INK;1979;31;;;;;1982;31;;;;;1980.5;611.8359375
0;8800;RAINFOREST_RESIN;9996;1;9995;30;;;10004;1;10005;30;;;10000.0;32.0
0;8800;KELP;2030;31;;;;;2033;31;;;;;2031.5;-9.02734375
0;8900;SQUID_INK;1979;28;;;;;1982;26;;;;;1980.5;623.3984375
0;8900;KELP;2030;28;;;;;2033;26;;;;;2031.5;-9.23828125
0;8900;RAINFOREST_RESIN;9995;26;;;;;10005;26;;;;;10000.0;32.0
0;9000;RAINFOREST_RESIN;9995;23;;;;;10005;23;;;;;10000.0;32.0
0;9000;KELP;2030;23;;;;;2033;23;;;;;2031.5;-7.59765625
0;9000;SQUID_INK;1979;23;;;;;1983;23;;;;;1981.0;650.6796875
0;9100;SQUID_INK;1979;27;;;;;1982;22;;;;;1980.5;611.6015625
0;9100;KELP;2030;27;;;;;2033;22;;;;;2031.5;-11.921875
0;9100;RAINFOREST_RESIN;9995;22;;;;;9998;1;10005;22;;;9996.5;32.0
0;9200;SQUID_INK;1980;30;;;;;1983;27;;;;;1981.5;671.78125
0;9200;RAINFOREST_RESIN;9996;2;9995;25;;;10004;2;10005;25;;;10000.0;32.0
0;9200;KELP;2030;30;;;;;2033;27;;;;;2031.5;-11.20703125
0;9300;SQUID_INK;1979;30;;;;;1983;30;;;;;1981.0;652.8359375
0;9300;KELP;2030;30;;;;;2033;30;;;;;2031.5;-10.51953125
0;9300;RAINFOREST_RESIN;10002;11;9998;1;9996;1;10004;1;10005;29;;;10003.0;32.0
0;9400;RAINFOREST_RESIN;10002;1;9996;2;9995;28;10004;2;10005;28;;;10003.0;32.0
0;9400;KELP;2030;33;;;;;2033;30;;;;;2031.5;-11.8984375
0;9400;SQUID_INK;1981;3;1980;30;;;1984;30;;;;;1982.5;697.21875
0;9500;SQUID_INK;1981;26;;;;;1985;26;;;;;1983.0;745.0859375
0;9500;KELP;2030;26;;;;;2033;26;;;;;2031.5;-11.375
0;9500;RAINFOREST_RESIN;10002;1;9996;2;9995;24;10004;2;10005;24;;;10003.0;32.0
0;9600;SQUID_INK;1981;21;;;;;1985;21;;;;;1983.0;742.640625
0;9600;RAINFOREST_RESIN;9996;1;9995;20;;;10002;6;10004;1;10005;20;9999.0;32.0
0;9600;KELP;2030;21;;;;;2033;21;;;;;2031.5;-8.4453125
0;9700;SQUID_INK;1981;1;1980;30;;;1982;10;1984;31;;;1981.5;706.3125
0;9700;KELP;2029;31;;;;;2031;10;2033;31;;;2030.0;-17.94921875
0;9700;RAINFOREST_RESIN;9996;1;9995;30;;;10000;4;10004;1;10005;30;9998.0;32.0
0;9800;RAINFOREST_RESIN;9998;1;9996;2;9995;24;10004;2;10005;24;;;10001.0;32.0
0;9800;KELP;2030;26;;;;;2033;26;;;;;2031.5;-10.95703125
0;9800;SQUID_INK;1981;26;;;;;1984;26;;;;;1982.5;727.4921875
0;9900;SQUID_INK;1981;24;;;;;1984;24;;;;;1982.5;723.9453125
0;9900;KELP;2030;24;;;;;2033;24;;;;;2031.5;-12.16796875
0;9900;RAINFOREST_RESIN;9995;24;;;;;10005;24;;;;;10000.0;32.0
0;10000;SQUID_INK;1981;27;;;;;1985;27;;;;;1983.0;749.359375
0;10000;RAINFOREST_RESIN;9995;27;;;;;10005;27;;;;;10000.0;32.0
0;10000;KELP;2030;27;;;;;2033;27;;;;;2031.5;-11.859375
0;10100;SQUID_INK;1982;21;;;;;1984;5;1986;21;;;1983.0;794.203125
0;10100;KELP;2030;21;;;;;2032;5;2033;21;;;2031.0;-10.80859375
0;10100;RAINFOREST_RESIN;10002;4;9996;1;9995;20;10004;1;10005;20;;;10003.0;32.0
0;10200;RAINFOREST_RESIN;9995;20;;;;;10005;20;;;;;10000.0;32.0
0;10200;KELP;2030;20;;;;;2033;20;;;;;2031.5;-11.49609375
0;10200;SQUID_INK;1981;20;;;;;1984;20;;;;;1982.5;733.515625
0;10300;SQUID_INK;1982;6;1981;24;;;1985;25;;;;;1983.5;755.78125
0;10300;KELP;2030;30;;;;;2033;25;;;;;2031.5;-12.91796875
0;10300;RAINFOREST_RESIN;9996;1;9995;24;;;10004;1;10005;24;;;10000.0;32.0
0;10400;SQUID_INK;1982;25;;;;;1986;25;;;;;1984.0;800.7265625
0;10400;RAINFOREST_RESIN;9995;25;;;;;10005;25;;;;;10000.0;32.0
0;10400;KELP;2030;25;;;;;2033;25;;;;;2031.5;-8.701171875
0;10500;SQUID_INK;1982;8;1981;26;;;1985;26;;;;;1983.5;756.1171875
0;10500;KELP;2030;34;;;;;2033;26;;;;;2031.5;-9.546875
0;10500;RAINFOREST_RESIN;9995;26;;;;;10005;26;;;;;10000.0;32.0
0;10600;RAINFOREST_RESIN;9995;20;;;;;10005;20;;;;;10000.0;32.0
0;10600;KELP;2032;3;2030;20;;;2033;20;;;;;2032.5;-11.658203125
0;10600;SQUID_INK;1983;3;1981;20;;;1985;20;;;;;1984.0;748.9765625
0;10700;SQUID_INK;1981;31;;;;;1984;24;;;;;1982.5;721.3046875
0;10700;KELP;2030;7;2029;24;;;2033;24;;;;;2031.5;-14.921875
0;10700;RAINFOREST_RESIN;9995;24;;;;;9998;3;10005;24;;;9996.5;32.0
0;10800;SQUID_INK;1981;6;1980;23;;;1984;23;;;;;1982.5;701.59375
0;10800;RAINFOREST_RESIN;9995;23;;;;;10002;1;10005;23;;;9998.5;32.0
0;10800;KELP;2030;6;2029;23;;;2033;23;;;;;2031.5;-17.357421875
0;10900;SQUID_INK;1980;23;;;;;1981;6;1983;23;;;1980.5;683.8125
0;10900;RAINFOREST_RESIN;9996;1;9995;22;;;10000;6;10004;1;10005;22;9998.0;32.0
0;10900;KELP;2029;23;;;;;2030;6;2033;23;;;2029.5;-10.9375
0;11000;RAINFOREST_RESIN;9996;1;9995;26;;;10004;1;10005;26;;;10000.0;32.0
0;11000;KELP;2029;27;;;;;2031;2;2032;1;2033;26;2030.0;-7.26171875
0;11000;SQUID_INK;1980;27;;;;;1982;2;1983;27;;;1981.0;645.7265625
0;11100;KELP;2030;1;2029;31;;;2033;31;;;;;2031.5;-2.08203125
0;11100;SQUID_INK;1979;2;1978;30;;;1982;31;;;;;1980.5;605.37890625
0;11100;RAINFOREST_RESIN;9996;1;9995;30;;;10002;1;10004;1;10005;30;9999.0;32.0
0;11200;KELP;2029;30;;;;;2031;5;2032;2;2033;28;2030.0;-6.33984375
0;11200;SQUID_INK;1980;30;;;;;1982;5;1983;30;;;1981.0;641.28515625
0;11200;RAINFOREST_RESIN;9996;2;9995;28;;;10004;2;10005;28;;;10000.0;32.0
0;11300;SQUID_INK;1980;27;;;;;1983;27;;;;;1981.5;638.9453125
0;11300;RAINFOREST_RESIN;9996;2;9995;25;;;10002;2;10004;2;10005;25;9999.0;32.0
0;11300;KELP;2029;27;;;;;2033;27;;;;;2031.0;-4.7734375
0;11400;RAINFOREST_RESIN;9995;30;;;;;10005;30;;;;;10000.0;32.0
0;11400;KELP;2029;30;;;;;2033;30;;;;;2031.0;-2.95703125
0;11400;SQUID_INK;1981;30;;;;;1984;30;;;;;1982.5;666.99609375
0;11500;KELP;2029;29;;;;;2031;5;2033;29;;;2030.0;-0.84765625
0;11500;SQUID_INK;1980;29;;;;;1982;5;1983;1;1984;28;1981.0;653.109375
0;11500;RAINFOREST_RESIN;9996;1;9995;28;;;10004;1;10005;28;;;10000.0;32.0
0;11600;KELP;2029;24;;;;;2031;7;2033;24;;;2030.0;-1.5859375
0;11600;SQUID_INK;1982;2;1981;22;;;1983;7;1985;24;;;1982.5;687.45703125
0;11600;RAINFOREST_RESIN;9996;2;9995;22;;;10004;2;10005;22;;;10000.0;32.0
0;11700;SQUID_INK;1982;4;1981;22;;;1984;22;;;;;1983.0;664.99609375
0;11700;RAINFOREST_RESIN;10000;4;9996;2;9995;20;10004;2;10005;20;;;10002.0;32.0
0;11700;KELP;2031;4;2029;22;;;2033;22;;;;;2032.0;-2.15625
0;11800;RAINFOREST_RESIN;9998;10;9996;1;9995;21;10004;1;10005;21;;;10001.0;32.0
0;11800;KELP;2029;22;;;;;2033;22;;;;;2031.0;-1.8671875
0;11800;SQUID_INK;1979;22;;;;;1982;22;;;;;1980.5;619.18359375
0;11900;KELP;2031;4;2029;23;;;2033;23;;;;;2032.0;-0.80859375
0;11900;SQUID_INK;1979;4;1978;23;;;1981;23;;;;;1980.0;591.078125
0;11900;RAINFOREST_RESIN;10002;1;10000;4;9998;1;10004;1;10005;22;;;10003.0;32.0
0;12000;KELP;2030;28;;;;;2033;28;;;;;2031.5;3.29296875
0;12000;SQUID_INK;1978;28;;;;;1982;28;;;;;1980.0;604.875
0;12000;RAINFOREST_RESIN;9996;1;9995;27;;;10004;1;10005;27;;;10000.0;32.0
0;12100;SQUID_INK;1979;25;;;;;1982;25;;;;;1980.5;613.90234375
0;12100;RAINFOREST_RESIN;9996;2;9995;23;;;9998;8;10004;2;10005;23;9997.0;32.0
0;12100;KELP;2030;2;2029;23;;;2033;25;;;;;2031.5;0.9765625
0;12200;RAINFOREST_RESIN;9996;2;9995;23;;;10004;2;10005;23;;;10000.0;32.0
0;12200;KELP;2029;25;;;;;2033;25;;;;;2031.0;-0.5859375
0;12200;SQUID_INK;1978;25;;;;;1981;25;;;;;1979.5;597.31640625
0;12300;KELP;2030;29;;;;;2033;25;;;;;2031.5;4.48828125
0;12300;SQUID_INK;1977;29;;;;;1980;25;;;;;1978.5;572.55859375
0;12300;RAINFOREST_RESIN;9996;1;9995;24;;;10002;3;10004;1;10005;24;9999.0;32.0
0;12400;KELP;2030;29;;;;;2033;29;;;;;2031.5;5.546875
0;12400;SQUID_INK;1976;29;;;;;1979;29;;;;;1977.5;542.69140625
0;12400;RAINFOREST_RESIN;10002;1;9998;5;9995;29;10005;29;;;;;10003.5;32.0
0;12500;SQUID_INK;1976;3;1975;23;;;1978;23;;;;;1977.0;514.78125
0;12500;RAINFOREST_RESIN;10000;3;9996;1;9995;22;10004;1;10005;22;;;10002.0;32.0
0;12500;KELP;2031;3;2030;23;;;2033;23;;;;;2032.0;5.91015625
0;12600;RAINFOREST_RESIN;10000;4;9995;26;;;10005;26;;;;;10002.5;32.0
0;12600;KELP;2031;4;2030;26;;;2033;26;;;;;2032.0;5.15625
0;12600;SQUID_INK;1975;4;1973;26;;;1977;26;;;;;1976.0;484.6328125
0;12700;KELP;2030;28;;;;;2033;28;;;;;2031.5;4.63671875
0;12700;RAINFOREST_RESIN;10002;1;9996;1;9995;27;10004;1;10005;27;;;10003.0;32.0
0;12700;SQUID_INK;1972;28;;;;;1975;1;1976;27;;;1973.5;453.59375
0;12800;KELP;2031;4;2030;30;;;2033;30;;;;;2032.0;6.48046875
0;12800;SQUID_INK;1975;4;1974;2;1973;28;1977;30;;;;;1976.0;484.953125
0;12800;RAINFOREST_RESIN;10000;4;9996;2;9995;28;10002;9;10004;2;10005;28;10001.0;32.0
0;12900;RAINFOREST_RESIN;9996;2;9995;21;;;10002;4;10004;2;10005;21;9999.0;32.0
0;12900;SQUID_INK;1971;23;;;;;1973;2;1974;23;;;1972.0;420.61328125
0;12900;KELP;2030;23;;;;;2032;2;2033;23;;;2031.0;4.45703125
0;13000;RAINFOREST_RESIN;9996;2;9995;30;;;10002;2;10004;2;10005;30;9999.0;32.0
0;13000;SQUID_INK;1972;32;;;;;1975;32;;;;;1973.5;448.39453125
0;13000;KELP;2029;32;;;;;2033;32;;;;;2031.0;-2.609375
0;13100;KELP;2029;21;;;;;2030;2;2033;21;;;2029.5;-6.4375
0;13100;RAINFOREST_RESIN;9995;21;;;;;10000;2;10005;21;;;9997.5;32.0
0;13100;SQUID_INK;1974;21;;;;;1975;2;1977;21;;;1974.5;490.44140625
0;13200;SQUID_INK;1976;1;1974;9;1973;29;1977;31;;;;;1976.5;460.7236328125
0;13200;KELP;2032;1;2030;38;;;2033;31;;;;;2032.5;6.81640625
0;13200;RAINFOREST_RESIN;9998;9;9996;2;9995;29;10004;2;10005;29;;;10001.0;32.0
0;13300;RAINFOREST_RESIN;10002;2;9996;1;9995;22;10004;1;10005;22;;;10003.0;32.0
0;13300;SQUID_INK;1972;23;;;;;1976;23;;;;;1974.0;457.962890625
0;13300;KELP;2030;23;;;;;2033;23;;;;;2031.5;18.94921875
0;13400;RAINFOREST_RESIN;9995;26;;;;;10005;26;;;;;10000.0;32.0
0;13400;SQUID_INK;1973;26;;;;;1977;26;;;;;1975.0;460.951171875
0;13400;KELP;2030;26;;;;;2033;26;;;;;2031.5;14.33984375
0;13500;KELP;2030;25;;;;;2033;25;;;;;2031.5;18.5546875
0;13500;RAINFOREST_RESIN;9996;1;9995;24;;;10004;1;10005;24;;;10000.0;32.0
0;13500;SQUID_INK;1974;25;;;;;1978;25;;;;;1976.0;464.0537109375
0;13600;SQUID_INK;1974;26;;;;;1976;3;1977;26;;;1975.0;462.6640625
0;13600;KELP;2030;26;;;;;2032;3;2033;26;;;2031.0;18.84765625
0;13600;RAINFOREST_RESIN;9996;2;9995;24;;;10002;6;10004;2;10005;24;9999.0;32.0
0;13700;RAINFOREST_RESIN;10002;1;9995;28;;;10005;28;;;;;10003.5;32.0
0;13700;SQUID_INK;1974;28;;;;;1977;28;;;;;1975.5;462.98291015625
0;13700;KELP;2030;28;;;;;2034;28;;;;;2032.0;23.66796875
0;13800;RAINFOREST_RESIN;9998;1;9995;23;;;10005;23;;;;;10001.5;32.0
0;13800;SQUID_INK;1974;23;;;;;1977;23;;;;;1975.5;461.9052734375
0;13800;KELP;2030;23;;;;;2034;23;;;;;2032.0;25.2421875
0;13900;KELP;2030;21;;;;;2031;3;2034;21;;;2030.5;26.05859375
0;13900;RAINFOREST_RESIN;9996;1;9995;20;;;10004;1;10005;20;;;10000.0;32.0
0;13900;SQUID_INK;1973;20;;;;;1974;2;1977;21;;;1973.5;461.4482421875
0;14000;SQUID_INK;1975;2;1974;29;;;1978;29;;;;;1976.5;467.583984375
0;14000;KELP;2031;2;2030;29;;;2034;29;;;;;2032.5;-15.990234375
0;14000;RAINFOREST_RESIN;10002;6;9998;1;9996;1;10004;1;10005;28;;;10003.0;32.0
0;14100;RAINFOREST_RESIN;9996;2;9995;20;;;10002;4;10004;2;10005;20;9999.0;32.0
0;14100;SQUID_INK;1976;22;;;;;1979;22;;;;;1977.5;475.607421875
0;14100;KELP;2030;22;;;;;2034;22;;;;;2032.0;-15.884765625
0;14200;RAINFOREST_RESIN;9995;21;;;;;10005;21;;;;;10000.0;32.0
0;14200;SQUID_INK;1976;21;;;;;1979;21;;;;;1977.5;485.5
0;14200;KELP;2030;21;;;;;2034;21;;;;;2032.0;0.46875
0;14300;KELP;2030;22;;;;;2034;22;;;;;2032.0;0.83203125
0;14300;RAINFOREST_RESIN;9996;1;9995;21;;;10004;1;10005;21;;;10000.0;32.0
0;14300;SQUID_INK;1974;22;;;;;1977;1;1978;21;;;1975.5;451.1484375
0;14400;SQUID_INK;1976;22;;;;;1979;2;1980;21;;;1977.5;489.79296875
0;14400;KELP;2030;22;;;;;2034;23;;;;;2032.0;-1.20703125
0;14400;RAINFOREST_RESIN;10002;4;9996;2;9995;21;10004;2;10005;21;;;10003.0;32.0
0;14500;RAINFOREST_RESIN;9996;1;9995;28;;;10002;10;10004;1;10005;28;9999.0;32.0
0;14500;SQUID_INK;1976;29;;;;;1978;6;1979;29;;;1977.0;485.0546875
0;14500;KELP;2030;29;;;;;2032;6;2034;29;;;2031.0;0.21484375
0;14600;RAINFOREST_RESIN;9996;1;9995;27;;;10004;1;10005;27;;;10000.0;32.0
0;14600;SQUID_INK;1976;28;;;;;1977;3;1980;28;;;1976.5;494.3984375
0;14600;KELP;2030;28;;;;;2031;3;2034;28;;;2030.5;-0.5
0;14700;KELP;2030;24;;;;;2032;2;2034;24;;;2031.0;-54.888671875
0;14700;RAINFOREST_RESIN;9996;1;9995;23;;;10004;1;10005;23;;;10000.0;32.0
0;14700;SQUID_INK;1976;24;;;;;1978;2;1979;24;;;1977.0;440.458984375
0;14800;SQUID_INK;1977;31;;;;;1979;3;1980;31;;;1978.0;437.048828125
0;14800;KELP;2030;31;;;;;2032;3;2034;31;;;2031.0;-54.716796875
0;14800;RAINFOREST_RESIN;9996;1;9995;30;;;9998;1;10004;1;10005;30;9997.0;32.0
0;14900;RAINFOREST_RESIN;9996;1;9995;25;;;10002;1;10004;1;10005;25;9999.0;32.0
0;14900;SQUID_INK;1978;4;1976;26;;;1980;26;;;;;1979.0;439.4775390625
0;14900;KELP;2032;4;2030;26;;;2034;26;;;;;2033.0;-54.7255859375
0;15000;RAINFOREST_RESIN;9996;2;9995;25;;;10004;2;10005;25;;;10000.0;32.0
0;15000;SQUID_INK;1977;31;;;;;1980;27;;;;;1978.5;436.759765625
0;15000;KELP;2031;4;2030;27;;;2034;27;;;;;2032.5;-54.599609375
0;15100;KELP;2030;21;;;;;2034;21;;;;;2032.0;-54.921875
0;15100;RAINFOREST_RESIN;9996;1;9995;20;;;9998;1;10004;1;10005;20;9997.0;32.0
0;15100;SQUID_INK;1977;21;;;;;1981;21;;;;;1979.0;433.4873046875
0;15200;SQUID_INK;1978;4;1977;6;1976;21;1980;23;;;;;1979.0;437.890625
0;15200;KELP;2031;8;2030;23;;;2034;23;;;;;2032.5;-54.67578125
0;15200;RAINFOREST_RESIN;10000;4;9996;2;9995;21;10002;4;10004;2;10005;21;10001.0;32.0
0;15300;RAINFOREST_RESIN;9996;2;9995;22;;;10002;7;10004;2;10005;22;9999.0;32.0
0;15300;SQUID_INK;1976;2;1975;22;;;1977;6;1979;24;;;1976.5;444.337890625
0;15300;KELP;2030;24;;;;;2032;6;2034;24;;;2031.0;-55.046875
0;15400;RAINFOREST_RESIN;9995;30;;;;;10005;30;;;;;10000.0;32.0
0;15400;SQUID_INK;1972;30;;;;;1976;30;;;;;1974.0;467.7509765625
0;15400;KELP;2030;30;;;;;2034;30;;;;;2032.0;-55.416015625
0;15500;KELP;2030;25;;;;;2033;25;;;;;2031.5;-52.2001953125
0;15500;RAINFOREST_RESIN;9995;25;;;;;9998;11;10005;25;;;9996.5;32.0
0;15500;SQUID_INK;1972;25;;;;;1976;25;;;;;1974.0;466.546875
0;15600;SQUID_INK;1972;23;;;;;1976;23;;;;;1974.0;466.4716796875
0;15600;KELP;2030;23;;;;;2033;1;2034;22;;;2031.5;-54.15234375
0;15600;RAINFOREST_RESIN;9996;1;9995;22;;;10004;1;10005;22;;;10000.0;32.0
0;15700;RAINFOREST_RESIN;9996;2;9995;28;;;10004;2;10005;28;;;10000.0;32.0
0;15700;SQUID_INK;1972;30;;;;;1974;1;1975;30;;;1973.0;469.0244140625
0;15700;KELP;2030;30;;;;;2032;1;2033;30;;;2031.0;-53.1904296875
0;15800;RAINFOREST_RESIN;9998;6;9996;2;9995;26;10004;2;10005;26;;;10001.0;32.0
0;15800;SQUID_INK;1973;6;1972;26;;;1976;28;;;;;1974.5;466.19921875
0;15800;KELP;2030;32;;;;;2033;28;;;;;2031.5;-53.5498046875
0;15900;KELP;2030;21;;;;;2031;3;2033;21;;;2030.5;-52.5009765625
0;15900;RAINFOREST_RESIN;9996;1;9995;20;;;10002;8;10004;1;10005;20;9999.0;32.0
0;15900;SQUID_INK;1970;20;;;;;1971;2;1974;21;;;1970.5;487.693359375
0;16000;SQUID_INK;1968;22;;;;;1970;4;1971;22;;;1969.0;522.76171875
0;16000;KELP;2030;22;;;;;2032;4;2033;22;;;2031.0;-90.39453125
0;16000;RAINFOREST_RESIN;9996;2;9995;20;;;10004;2;10005;20;;;10000.0;32.0
0;16100;RAINFOREST_RESIN;9996;1;9995;26;;;10004;1;10005;26;;;10000.0;32.0
0;16100;SQUID_INK;1969;26;;;;;1970;1;1971;8;1973;27;1969.5;475.79296875
0;16100;KELP;2030;27;;;;;2031;2;2032;8;2033;27;2030.5;-86.87109375
0;16200;RAINFOREST_RESIN;9995;27;;;;;10002;4;10005;27;;;9998.5;32.0
0;16200;SQUID_INK;1968;26;;;;;1971;27;;;;;1969.5;519.796875
0;16200;KELP;2030;26;;;;;2033;27;;;;;2031.5;-82.859375
0;16300;KELP;2030;22;;;;;2033;22;;;;;2031.5;-85.81640625
0;16300;RAINFOREST_RESIN;9996;1;9995;21;;;10004;1;10005;21;;;10000.0;32.0
0;16300;SQUID_INK;1967;22;;;;;1970;22;;;;;1968.5;547.8046875
0;16400;SQUID_INK;1969;27;;;;;1971;7;1973;27;;;1970.0;480.86328125
0;16400;KELP;2030;27;;;;;2032;7;2033;27;;;2031.0;-82.28515625
0;16400;RAINFOREST_RESIN;9996;2;9995;25;;;10002;6;10004;2;10005;25;9999.0;36.0
0;16500;RAINFOREST_RESIN;9995;22;;;;;10005;22;;;;;10000.0;36.0
0;16500;SQUID_INK;1968;22;;;;;1970;1;1971;22;;;1969.0;520.21875
0;16500;KELP;2030;22;;;;;2032;1;2033;22;;;2031.0;-83.7421875
0;16600;RAINFOREST_RESIN;9995;26;;;;;10005;26;;;;;10000.0;36.0
0;16600;SQUID_INK;1968;33;;;;;1971;26;;;;;1969.5;532.234375
0;16600;KELP;2030;33;;;;;2033;26;;;;;2031.5;-76.703125
0;16700;KELP;2030;25;;;;;2033;25;;;;;2031.5;-77.62109375
0;16700;RAINFOREST_RESIN;10002;1;9998;2;9995;25;10005;25;;;;;10003.5;36.0
0;16700;SQUID_INK;1966;25;;;;;1970;25;;;;;1968.0;569.03515625
0;16800;SQUID_INK;1966;2;1965;27;;;1968;2;1969;25;;;1967.0;598.98046875
0;16800;KELP;2031;2;2030;27;;;2033;27;;;;;2032.0;-80.5
0;16800;RAINFOREST_RESIN;10000;2;9996;2;9995;25;10004;2;10005;25;;;10002.0;36.0
0;16900;RAINFOREST_RESIN;9996;2;9995;22;;;10004;2;10005;22;;;10000.0;36.0
0;16900;SQUID_INK;1966;24;;;;;1969;24;;;;;1967.5;574.8203125
0;16900;KELP;2030;24;;;;;2033;24;;;;;2031.5;-78.765625
0;17000;RAINFOREST_RESIN;9996;1;9995;25;;;10004;1;10005;25;;;10000.0;36.0
0;17000;SQUID_INK;1966;2;1965;25;;;1969;26;;;;;1967.5;591.0859375
0;17000;KELP;2030;27;;;;;2033;26;;;;;2031.5;-77.359375
0;17100;KELP;2030;27;;;;;2033;27;;;;;2031.5;-80.859375
0;17100;RAINFOREST_RESIN;9996;1;9995;26;;;10004;1;10005;26;;;10000.0;36.0
0;17100;SQUID_INK;1964;27;;;;;1968;27;;;;;1966.0;625.953125
0;17200;RAINFOREST_RESIN;9996;1;9995;27;;;10004;1;10005;27;;;10000.0;36.0
0;17200;SQUID_INK;1962;5;1961;28;;;1964;28;;;;;1963.0;718.0
0;17200;KELP;2030;33;;;;;2033;28;;;;;2031.5;-82.27734375
0;17300;SQUID_INK;1963;28;;;;;1965;6;1966;28;;;1964.0;673.21484375
0;17300;KELP;2030;28;;;;;2032;6;2033;28;;;2031.0;-81.41796875
0;17300;RAINFOREST_RESIN;9996;1;9995;27;;;10004;1;10005;27;;;10000.0;36.0
0;17400;RAINFOREST_RESIN;9995;25;;;;;9998;11;10005;25;;;9996.5;36.0
0;17400;SQUID_INK;1965;3;1964;2;1963;25;1967;25;;;;;1966.0;658.4765625
0;17400;KELP;2032;3;2030;27;;;2033;25;;;;;2032.5;-84.640625
0;17500;SQUID_INK;1961;28;;;;;1964;28;;;;;1962.5;722.18359375
0;17500;KELP;2030;28;;;;;2033;28;;;;;2031.5;-81.90234375
0;17500;RAINFOREST_RESIN;9996;2;9995;26;;;10004;2;10005;26;;;10000.0;36.0
0;17600;RAINFOREST_RESIN;9996;1;9995;29;;;10004;1;10005;29;;;10000.0;36.0
0;17600;KELP;2030;33;;;;;2033;30;;;;;2031.5;-83.73046875
0;17600;SQUID_INK;1963;4;1962;29;;;1966;30;;;;;1964.5;666.921875
0;17700;SQUID_INK;1962;22;;;;;1965;22;;;;;1963.5;685.8046875
0;17700;KELP;2030;22;;;;;2033;22;;;;;2031.5;-86.1171875
0;17700;RAINFOREST_RESIN;9998;2;9995;22;;;10005;22;;;;;10001.5;36.0
0;17800;SQUID_INK;1963;32;;;;;1965;5;1966;2;1967;30;1964.0;633.796875
0;17800;RAINFOREST_RESIN;9996;2;9995;30;;;9998;3;10002;5;10004;2;9997.0;36.0
0;17800;KELP;2030;32;;;;;2032;5;2033;32;;;2031.0;-86.390625
0;17900;SQUID_INK;1964;1;1963;2;1962;21;1965;21;;;;;1964.5;679.53125
0;17900;KELP;2032;1;2031;2;2030;21;2033;21;;;;;2032.5;-86.359375
0;17900;RAINFOREST_RESIN;9995;21;;;;;9998;1;10002;3;10005;21;9996.5;36.0
0;18000;RAINFOREST_RESIN;9995;24;;;;;10005;24;;;;;10000.0;36.0
0;18000;KELP;2030;24;;;;;2033;24;;;;;2031.5;-87.90234375
0;18000;SQUID_INK;1963;24;;;;;1966;24;;;;;1964.5;643.734375
0;18100;SQUID_INK;1965;2;1964;28;;;1968;30;;;;;1966.5;582.546875
0;18100;KELP;2030;30;;;;;2033;30;;;;;2031.5;-86.11328125
0;18100;RAINFOREST_RESIN;9996;2;9995;28;;;10004;2;10005;28;;;10000.0;36.0
0;18200;SQUID_INK;1965;25;;;;;1968;2;1969;23;;;1966.5;565.15625
0;18200;RAINFOREST_RESIN;9996;2;9995;23;;;10002;10;10004;2;10005;23;9999.0;36.0
0;18200;KELP;2030;2;2029;23;;;2033;25;;;;;2031.5;-71.0859375
0;18300;SQUID_INK;1966;20;;;;;1969;20;;;;;1967.5;547.21875
0;18300;KELP;2029;20;;;;;2033;20;;;;;2031.0;-69.53125
0;18300;RAINFOREST_RESIN;9995;20;;;;;10005;20;;;;;10000.0;36.0
0;18400;RAINFOREST_RESIN;9996;1;9995;21;;;10004;1;10005;21;;;10000.0;36.0
0;18400;KELP;2032;1;2029;22;;;2033;22;;;;;2032.5;-70.3359375
0;18400;SQUID_INK;1968;1;1966;22;;;1969;22;;;;;1968.5;548.3046875
0;18500;SQUID_INK;1966;23;;;;;1967;1;1969;23;;;1966.5;538.84375
0;18500;KELP;2029;23;;;;;2030;1;2033;23;;;2029.5;-68.7578125
0;18500;RAINFOREST_RESIN;9996;2;9995;21;;;10004;2;10005;21;;;10000.0;36.0
0;18600;SQUID_INK;1966;13;;;;;1969;22;;;;;1967.5;547.9921875
0;18600;RAINFOREST_RESIN;9996;1;9995;21;;;10004;1;10005;21;;;10000.0;36.0
0;18600;KELP;2029;22;;;;;2030;9;2033;22;;;2029.5;-67.6875
0;18700;SQUID_INK;1964;30;;;;;1967;30;;;;;1965.5;613.140625
0;18700;KELP;2029;30;;;;;2033;30;;;;;2031.0;-55.7421875
0;18700;RAINFOREST_RESIN;10002;1;9995;30;;;10005;30;;;;;10003.5;36.0
0;18800;RAINFOREST_RESIN;9995;24;;;;;10002;7;10005;24;;;9998.5;36.0
0;18800;KELP;2029;24;;;;;2033;24;;;;;2031.0;-57.46484375
0;18800;SQUID_INK;1963;24;;;;;1966;24;;;;;1964.5;641.9609375
0;18900;SQUID_INK;1964;7;1963;25;;;1967;25;;;;;1965.5;630.0625
0;18900;KELP;2030;7;2029;25;;;2033;25;;;;;2031.5;-57.322265625
0;18900;RAINFOREST_RESIN;10002;1;9995;25;;;10005;25;;;;;10003.5;36.0
0;19000;SQUID_INK;1964;31;;;;;1968;31;;;;;1966.0;595.765625
0;19000;RAINFOREST_RESIN;9996;1;9995;30;;;10004;1;10005;30;;;10000.0;36.0
0;19000;KELP;2029;31;;;;;2033;31;;;;;2031.0;-57.560546875
0;19100;SQUID_INK;1965;23;;;;;1969;23;;;;;1967.0;562.921875
0;19100;KELP;2030;2;2029;21;;;2033;23;;;;;2031.5;-58.77734375
0;19100;RAINFOREST_RESIN;9996;2;9995;21;;;10004;2;10005;21;;;10000.0;36.0
0;19200;RAINFOREST_RESIN;9995;26;;;;;10002;1;10005;26;;;9998.5;36.0
0;19200;KELP;2029;26;;;;;2033;26;;;;;2031.0;-59.3359375
0;19200;SQUID_INK;1966;26;;;;;1969;26;;;;;1967.5;552.2109375
0;19300;SQUID_INK;1966;25;;;;;1969;25;;;;;1967.5;548.234375
0;19300;KELP;2030;2;2029;23;;;2033;25;;;;;2031.5;-58.857421875
0;19300;RAINFOREST_RESIN;9996;2;9995;23;;;9998;6;10004;2;10005;23;9997.0;36.0
0;19400;SQUID_INK;1966;26;;;;;1969;26;;;;;1967.5;544.0390625
0;19400;RAINFOREST_RESIN;9996;2;9995;24;;;10002;5;10004;2;10005;24;9999.0;36.0
0;19400;KELP;2030;2;2029;24;;;2033;26;;;;;2031.5;-58.97265625
0;19500;SQUID_INK;1967;23;;;;;1970;23;;;;;1968.5;509.4375
0;19500;KELP;2030;23;;;;;2033;23;;;;;2031.5;-60.921875
0;19500;RAINFOREST_RESIN;9995;23;;;;;10005;23;;;;;10000.0;36.0
0;19600;RAINFOREST_RESIN;10002;1;9998;5;9996;1;10004;1;10005;26;;;10003.0;36.0
0;19600;KELP;2030;27;;;;;2033;27;;;;;2031.5;-55.978271484375
0;19600;SQUID_INK;1967;27;;;;;1970;27;;;;;1968.5;510.984375
0;19700;KELP;2030;31;;;;;2033;31;;;;;2031.5;-49.6640625
0;19700;SQUID_INK;1968;31;;;;;1972;31;;;;;1970.0;476.73828125
0;19700;RAINFOREST_RESIN;9996;2;9995;29;;;10004;2;10005;29;;;10000.0;36.0
0;19800;KELP;2030;28;;;;;2033;28;;;;;2031.5;-49.302734375
0;19800;SQUID_INK;1968;2;1967;26;;;1971;28;;;;;1969.5;503.26171875
0;19800;RAINFOREST_RESIN;9996;2;9995;26;;;10004;2;10005;26;;;10000.0;36.0
0;19900;SQUID_INK;1971;23;;;;;1974;23;;;;;1972.5;393.16796875
0;19900;RAINFOREST_RESIN;9996;1;9995;22;;;9998;1;10004;1;10005;22;9997.0;36.0
0;19900;KELP;2030;23;;;;;2033;23;;;;;2031.5;-49.388671875
0;20000;RAINFOREST_RESIN;9995;26;;;;;9998;1;10005;26;;;9996.5;60.0
0;20000;KELP;2030;26;;;;;2032;4;2033;26;;;2031.0;-48.845703125
0;20000;SQUID_INK;1971;26;;;;;1973;4;1975;26;;;1972.0;385.703125
0;20100;KELP;2030;30;;;;;2032;4;2033;30;;;2031.0;-49.5703125
0;20100;SQUID_INK;1969;30;;;;;1971;4;1972;30;;;1970.0;469.28515625
0;20100;RAINFOREST_RESIN;9996;1;9995;29;;;9998;4;10004;1;10005;29;9997.0;60.0
0;20200;KELP;2030;20;;;;;2033;20;;;;;2031.5;-51.349609375
0;20200;SQUID_INK;1970;20;;;;;1973;20;;;;;1971.5;430.0078125
0;20200;RAINFOREST_RESIN;10002;1;9995;20;;;10005;20;;;;;10003.5;60.0
0;20300;SQUID_INK;1969;24;;;;;1972;24;;;;;1970.5;456.2578125
0;20300;RAINFOREST_RESIN;10002;4;9995;24;;;10005;24;;;;;10003.5;60.0
0;20300;KELP;2030;24;;;;;2033;24;;;;;2031.5;-50.013671875
0;20400;RAINFOREST_RESIN;10002;2;9996;1;9995;27;10004;1;10005;27;;;10003.0;60.0
0;20400;KELP;2030;25;;;;;2033;28;;;;;2031.5;-49.455078125
0;20400;SQUID_INK;1970;25;;;;;1973;28;;;;;1971.5;435.85546875
0;20500;KELP;2030;18;;;;;2033;26;;;;;2031.5;-50.716796875
0;20500;SQUID_INK;1969;18;;;;;1972;26;;;;;1970.5;454.0078125
0;20500;RAINFOREST_RESIN;9998;7;9996;1;9995;25;10004;1;10005;25;;;10001.0;60.0
0;20600;KELP;2030;25;;;;;2033;25;;;;;2031.5;-52.111328125
0;20600;SQUID_INK;1970;25;;;;;1973;25;;;;;1971.5;434.390625
0;20600;RAINFOREST_RESIN;9996;1;9995;24;;;9998;4;10002;5;10004;1;9997.0;60.0
0;20700;SQUID_INK;1972;2;1971;3;1970;30;1974;30;;;;;1973.0;412.9765625
0;20700;RAINFOREST_RESIN;9995;30;;;;;10005;30;;;;;10000.0;60.0
0;20700;KELP;2032;2;2030;33;;;2033;30;;;;;2032.5;-49.193359375
0;20800;RAINFOREST_RESIN;9996;2;9995;24;;;10004;2;10005;24;;;10000.0;60.0
0;20800;KELP;2030;26;;;;;2033;26;;;;;2031.5;-43.103759765625
0;20800;SQUID_INK;1970;26;;;;;1973;26;;;;;1971.5;438.26953125
0;20900;KELP;2030;30;;;;;2033;31;;;;;2031.5;-43.084228515625
0;20900;SQUID_INK;1972;1;1971;29;;;1975;31;;;;;1973.5;378.55859375
0;20900;RAINFOREST_RESIN;9996;2;9995;29;;;10004;2;10005;29;;;10000.0;60.0
0;21000;KELP;2030;26;;;;;2033;26;;;;;2031.5;-43.332763671875
0;21000;SQUID_INK;1972;26;;;;;1975;26;;;;;1973.5;367.00390625
0;21000;RAINFOREST_RESIN;9996;1;9995;25;;;10004;1;10005;25;;;10000.0;60.0
0;21100;SQUID_INK;1971;28;;;;;1973;2;1975;28;;;1972.0;380.02734375
0;21100;RAINFOREST_RESIN;9995;28;;;;;10000;2;10005;28;;;9997.5;60.0
0;21100;KELP;2030;28;;;;;2031;2;2033;28;;;2030.5;-43.065673828125
0;21200;RAINFOREST_RESIN;9995;29;;;;;9998;1;10005;29;;;9996.5;60.0
0;21200;KELP;2032;1;2030;29;;;2033;29;;;;;2032.5;-88.11328125
0;21200;SQUID_INK;1974;1;1972;29;;;1975;29;;;;;1974.5;360.1484375
0;21300;KELP;2030;22;;;;;2032;2;2034;22;;;2031.0;-96.078125
0;21300;SQUID_INK;1975;22;;;;;1977;2;1978;22;;;1976.0;278.78125
0;21300;RAINFOREST_RESIN;9995;22;;;;;10005;22;;;;;10000.0;60.0
0;21400;KELP;2031;1;2030;29;;;2034;30;;;;;2032.5;-104.0078125
0;21400;SQUID_INK;1975;30;;;;;1978;30;;;;;1976.5;281.140625
0;21400;RAINFOREST_RESIN;9996;1;9995;29;;;10004;1;10005;29;;;10000.0;60.0
0;21500;RAINFOREST_RESIN;9996;2;9995;28;;;10004;2;10005;28;;;10000.0;60.0
0;21500;SQUID_INK;1975;23;;;;;1978;30;;;;;1976.5;271.765625
0;21500;KELP;2030;30;;;;;2031;7;2034;30;;;2030.5;-98.26953125
0;21600;RAINFOREST_RESIN;9998;5;9996;2;9995;20;10004;2;10005;20;;;10001.0;60.0
0;21600;KELP;2030;22;;;;;2034;22;;;;;2032.0;-96.79296875
0;21600;SQUID_INK;1976;22;;;;;1979;22;;;;;1977.5;248.1796875
0;21700;KELP;2031;4;2030;27;;;2034;27;;;;;2032.5;-99.265625
0;21700;RAINFOREST_RESIN;9996;2;9995;25;;;10004;2;10005;25;;;10000.0;60.0
0;21700;SQUID_INK;1977;31;;;;;1980;27;;;;;1978.5;219.57421875
0;21800;KELP;2030;26;;;;;2034;26;;;;;2032.0;-98.9765625
0;21800;SQUID_INK;1975;26;;;;;1979;26;;;;;1977.0;258.70703125
0;21800;RAINFOREST_RESIN;9996;1;9995;25;;;10004;1;10005;25;;;10000.0;60.0
0;21900;RAINFOREST_RESIN;9995;27;;;;;10002;3;10005;27;;;9998.5;60.0
0;21900;SQUID_INK;1976;27;;;;;1980;27;;;;;1978.0;222.453125
0;21900;KELP;2030;27;;;;;2034;27;;;;;2032.0;-99.87890625
0;22000;RAINFOREST_RESIN;9996;2;9995;20;;;10004;2;10005;20;;;10000.0;60.0
0;22000;SQUID_INK;1977;22;;;;;1980;22;;;;;1978.5;207.93359375
0;22000;KELP;2030;22;;;;;2034;22;;;;;2032.0;-101.421875
0;22100;KELP;2031;22;;;;;2033;4;2034;22;;;2032.0;-109.91796875
0;22100;RAINFOREST_RESIN;9995;22;;;;;10005;22;;;;;10000.0;60.0
0;22100;SQUID_INK;1976;22;;;;;1978;4;1979;22;;;1977.0;245.6171875
0;22200;SQUID_INK;1977;26;;;;;1980;23;;;;;1978.5;221.38671875
0;22200;KELP;2031;26;;;;;2034;23;;;;;2032.5;-109.109375
0;22200;RAINFOREST_RESIN;10002;1;9995;23;;;10005;23;;;;;10003.5;60.0
0;22300;RAINFOREST_RESIN;9996;2;9995;28;;;10004;2;10005;28;;;10000.0;60.0
0;22300;SQUID_INK;1976;30;;;;;1980;30;;;;;1978.0;229.15234375
0;22300;KELP;2031;30;;;;;2034;30;;;;;2032.5;-107.60546875
0;22400;RAINFOREST_RESIN;9996;1;9995;23;;;10002;2;10004;1;10005;23;9999.0;60.0
0;22400;SQUID_INK;1976;24;;;;;1979;24;;;;;1977.5;235.28515625
0;22400;KELP;2031;24;;;;;2034;24;;;;;2032.5;-110.09765625
0;22500;KELP;2033;1;2031;27;;;2034;27;;;;;2033.5;-110.43359375
0;22500;RAINFOREST_RESIN;9998;2;9995;27;;;10005;27;;;;;10001.5;60.0
0;22500;SQUID_INK;1980;1;1977;27;;;1981;27;;;;;1980.5;193.42578125
0;22600;SQUID_INK;1981;1;1980;4;1979;30;1982;26;;;;;1981.5;159.546875
0;22600;KELP;2033;1;2032;4;2031;30;2034;26;;;;;2033.5;-154.88671875
0;22600;RAINFOREST_RESIN;9998;5;9996;1;9995;25;10004;1;10005;25;;;10001.0;60.0
0;22700;RAINFOREST_RESIN;9996;1;9995;25;;;10002;9;10004;1;10005;25;9999.0;60.0
0;22700;SQUID_INK;1978;26;;;;;1982;26;;;;;1980.0;114.443359375
0;22700;KELP;2031;26;;;;;2034;26;;;;;2032.5;-199.65625
0;22800;RAINFOREST_RESIN;10002;1;9996;1;9995;26;10004;1;10005;26;;;10003.0;60.0
0;22800;SQUID_INK;1978;27;;;;;1981;27;;;;;1979.5;116.2275390625
0;22800;KELP;2031;27;;;;;2034;27;;;;;2032.5;-198.89453125
0;22900;KELP;2031;22;;;;;2033;4;2034;23;;;2032.0;-196.55078125
0;22900;RAINFOREST_RESIN;10002;2;9996;1;9995;22;10004;1;10005;22;;;10003.0;60.0
0;22900;SQUID_INK;1978;22;;;;;1980;4;1981;23;;;1979.0;117.16943359375
0;23000;SQUID_INK;1980;1;1978;21;;;1982;21;;;;;1981.0;116.13525390625
0;23000;KELP;2033;1;2031;21;;;2034;21;;;;;2033.5;-198.87109375
0;23000;RAINFOREST_RESIN;9996;1;9995;20;;;10002;2;10004;1;10005;20;9999.0;60.0
0;23100;RAINFOREST_RESIN;9996;2;9995;26;;;10004;2;10005;26;;;10000.0;60.0
0;23100;SQUID_INK;1979;7;1978;28;;;1982;28;;;;;1980.5;116.048828125
0;23100;KELP;2031;9;2030;26;;;2034;28;;;;;2032.5;-241.421875
0;23200;RAINFOREST_RESIN;9996;1;9995;24;;;10002;4;10004;1;10005;24;9999.0;60.0
0;23200;SQUID_INK;1978;26;;;;;1981;25;;;;;1979.5;116.85205078125
0;23200;KELP;2031;2;2030;24;;;2034;25;;;;;2032.5;-239.6875
0;23300;KELP;2031;23;;;;;2034;23;;;;;2032.5;-236.390625
0;23300;RAINFOREST_RESIN;9996;2;9995;21;;;10004;2;10005;21;;;10000.0;60.0
0;23300;SQUID_INK;1981;23;;;;;1984;23;;;;;1982.5;108.32373046875
0;23400;SQUID_INK;1980;30;;;;;1983;30;;;;;1981.5;112.01806640625
0;23400;KELP;2031;1;2030;29;;;2034;30;;;;;2032.5;-240.0234375
0;23400;RAINFOREST_RESIN;9996;1;9995;29;;;10004;1;10005;29;;;10000.0;60.0
0;23500;RAINFOREST_RESIN;9996;1;9995;30;;;10004;1;10005;30;;;10000.0;60.0
0;23500;SQUID_INK;1981;3;1980;31;;;1983;1;1984;30;;;1982.0;123.671875
0;23500;KELP;2031;34;;;;;2034;31;;;;;2032.5;-225.9765625
0;23600;RAINFOREST_RESIN;9996;2;9995;25;;;10004;2;10005;25;;;10000.0;60.0
0;23600;SQUID_INK;1981;1;1980;25;;;1984;27;;;;;1982.5;126.150390625
0;23600;KELP;2031;26;;;;;2034;27;;;;;2032.5;-221.3359375
0;23700;KELP;2033;1;2031;21;;;2034;21;;;;;2033.5;-215.5
0;23700;RAINFOREST_RESIN;9996;1;9995;20;;;10004;1;10005;20;;;10000.0;60.0
0;23700;SQUID_INK;1983;1;1981;1;1980;20;1984;21;;;;;1983.5;126.490234375
0;23800;SQUID_INK;1983;22;;;;;1986;22;;;;;1984.5;163.01953125
0;23800;KELP;2031;22;;;;;2034;22;;;;;2032.5;-225.265625
0;23800;RAINFOREST_RESIN;9995;22;;;;;10005;22;;;;;10000.0;60.0
0;23900;RAINFOREST_RESIN;9995;27;;;;;10005;27;;;;;10000.0;60.0
0;23900;SQUID_INK;1982;27;;;;;1986;27;;;;;1984.0;146.9453125
0;23900;KELP;2031;27;;;;;2034;27;;;;;2032.5;-229.3359375
0;24000;RAINFOREST_RESIN;9995;29;;;;;10005;29;;;;;10000.0;60.0
0;24000;SQUID_INK;1984;6;1983;29;;;1987;29;;;;;1985.5;181.0
0;24000;KELP;2031;6;2030;29;;;2034;29;;;;;2032.5;-235.4140625
0;24100;KELP;2030;22;;;;;2034;22;;;;;2032.0;-245.828125
0;24100;RAINFOREST_RESIN;9996;2;9995;20;;;10004;2;10005;20;;;10000.0;60.0
0;24100;SQUID_INK;1984;22;;;;;1987;22;;;;;1985.5;202.53515625
0;24200;SQUID_INK;1984;24;;;;;1986;8;1987;24;;;1985.0;208.359375
0;24200;KELP;2030;24;;;;;2032;8;2034;24;;;2031.0;-249.3125
0;24200;RAINFOREST_RESIN;9996;1;9995;23;;;10002;7;10004;1;10005;23;9999.0;60.0
0;24300;RAINFOREST_RESIN;10002;1;9995;27;;;10005;27;;;;;10003.5;60.0
0;24300;SQUID_INK;1984;26;;;;;1986;5;1987;27;;;1985.0;203.47265625
0;24300;KELP;2030;26;;;;;2032;5;2034;27;;;2031.0;-246.875
0;24400;RAINFOREST_RESIN;9996;1;9995;28;;;10004;1;10005;28;;;10000.0;60.0
0;24400;SQUID_INK;1984;37;;;;;1987;29;;;;;1985.5;191.0234375
0;24400;KELP;2031;8;2030;29;;;2034;29;;;;;2032.5;-246.828125
0;24500;KELP;2030;26;;;;;2033;2;2034;24;;;2031.5;-251.921875
0;24500;RAINFOREST_RESIN;9996;2;9995;24;;;10002;10;10004;2;10005;24;9999.0;60.0
0;24500;SQUID_INK;1984;2;1983;24;;;1987;26;;;;;1985.5;187.79296875
0;24600;SQUID_INK;1982;24;;;;;1986;24;;;;;1984.0;150.515625
0;24600;KELP;2030;24;;;;;2034;24;;;;;2032.0;-245.328125
0;24600;RAINFOREST_RESIN;9996;2;9995;22;;;10002;10;10004;2;10005;22;9999.0;60.0
0;24700;RAINFOREST_RESIN;9996;2;9995;20;;;10004;2;10005;20;;;10000.0;60.0
0;24700;SQUID_INK;1982;22;;;;;1985;2;1986;20;;;1983.5;145.109375
0;24700;KELP;2030;22;;;;;2034;22;;;;;2032.0;-247.5390625
0;24800;RAINFOREST_RESIN;9995;28;;;;;10005;28;;;;;10000.0;60.0
0;24800;SQUID_INK;1983;28;;;;;1986;28;;;;;1984.5;172.671875
0;24800;KELP;2030;28;;;;;2034;28;;;;;2032.0;-246.421875
0;24900;KELP;2030;24;;;;;2034;24;;;;;2032.0;-246.390625
0;24900;RAINFOREST_RESIN;9998;7;9995;24;;;10005;24;;;;;10001.5;60.0
0;24900;SQUID_INK;1982;24;;;;;1985;24;;;;;1983.5;129.15625
0;25000;SQUID_INK;1980;28;;;;;1983;28;;;;;1981.5;45.3046875
0;25000;KELP;2030;28;;;;;2034;28;;;;;2032.0;-245.90625
0;25000;RAINFOREST_RESIN;10002;1;9996;1;9995;27;10004;1;10005;27;;;10003.0;60.0
0;25100;RAINFOREST_RESIN;9998;8;9996;1;9995;26;10004;1;10005;26;;;10001.0;60.0
0;25100;SQUID_INK;1981;27;;;;;1984;27;;;;;1982.5;95.8125
0;25100;KELP;2031;1;2030;26;;;2034;27;;;;;2032.5;-237.6796875
0;25200;RAINFOREST_RESIN;9996;2;9995;24;;;10000;4;10004;2;10005;24;9998.0;60.0
0;25200;SQUID_INK;1980;6;1979;26;;;1981;4;1983;26;;;1980.5;32.1953125
0;25200;KELP;2031;8;2030;24;;;2032;4;2034;26;;;2031.5;-233.1640625
0;25300;KELP;2031;1;2030;21;;;2034;22;;;;;2032.5;-234.671875
0;25300;RAINFOREST_RESIN;9998;9;9996;1;9995;21;10004;1;10005;21;;;10001.0;60.0
0;25300;SQUID_INK;1978;1;1977;21;;;1981;22;;;;;1979.5;-38.9921875
0;25400;SQUID_INK;1978;29;;;;;1981;29;;;;;1979.5;-38.03125
0;25400;KELP;2030;29;;;;;2034;29;;;;;2032.0;-239.3359375
0;25400;RAINFOREST_RESIN;10002;3;9996;2;9995;27;10004;2;10005;27;;;10003.0;60.0
0;25500;RAINFOREST_RESIN;9996;1;9995;23;;;10004;1;10005;23;;;10000.0;60.0
0;25500;SQUID_INK;1977;24;;;;;1979;6;1980;1;1981;23;1978.0;-50.6328125
0;25500;KELP;2030;24;;;;;2032;6;2034;24;;;2031.0;-240.53125
0;25600;RAINFOREST_RESIN;9995;24;;;;;10005;24;;;;;10000.0;60.0
0;25600;SQUID_INK;1977;24;;;;;1979;6;1981;24;;;1978.0;-40.4453125
0;25600;KELP;2030;24;;;;;2032;6;2034;24;;;2031.0;-241.1796875
0;25700;KELP;2031;1;2030;24;;;2034;25;;;;;2032.5;-237.6328125
0;25700;RAINFOREST_RESIN;9996;1;9995;24;;;10004;1;10005;24;;;10000.0;60.0
0;25700;SQUID_INK;1977;25;;;;;1980;25;;;;;1978.5;-68.734375
0;25800;SQUID_INK;1979;29;;;;;1982;29;;;;;1980.5;5.453125
0;25800;KELP;2031;29;;;;;2034;29;;;;;2032.5;-230.6796875
0;25800;RAINFOREST_RESIN;10002;1;9996;2;9995;27;10004;2;10005;27;;;10003.0;60.0
0;25900;SQUID_INK;1979;2;1978;27;;;1982;29;;;;;1980.5;-6.0234375
0;25900;KELP;2031;2;2030;27;;;2034;29;;;;;2032.5;-233.8828125
0;25900;RAINFOREST_RESIN;9996;2;9995;27;;;10004;2;10005;27;;;10000.0;60.0
0;26000;RAINFOREST_RESIN;9995;27;;;;;10005;27;;;;;10000.0;60.0
0;26000;SQUID_INK;1978;1;1976;27;;;1979;27;;;;;1978.5;-79.3046875
0;26000;KELP;2033;1;2031;27;;;2034;27;;;;;2033.5;-231.84375
0;26100;KELP;2033;1;2031;27;;;2034;25;;;;;2033.5;-229.421875
0;26100;RAINFOREST_RESIN;10002;1;9998;3;9996;1;10004;1;10005;24;;;10003.0;60.0
0;26100;SQUID_INK;1978;1;1976;27;;;1979;25;;;;;1978.5;-80.671875
0;26200;RAINFOREST_RESIN;10002;1;9996;2;9995;27;10004;2;10005;27;;;10003.0;60.0
0;26200;SQUID_INK;1976;29;;;;;1980;29;;;;;1978.0;-58.25
0;26200;KELP;2031;29;;;;;2034;29;;;;;2032.5;-222.265625
0;26300;SQUID_INK;1978;25;;;;;1981;1;1982;25;;;1979.5;20.171875
0;26300;KELP;2031;25;;;;;2034;26;;;;;2032.5;-217.3984375
0;26300;RAINFOREST_RESIN;9996;1;9995;25;;;10002;1;10004;1;10005;25;9999.0;60.0
0;26400;SQUID_INK;1974;27;;;;;1977;27;;;;;1975.5;-178.7578125
0;26400;RAINFOREST_RESIN;9995;27;;;;;10005;27;;;;;10000.0;60.0
0;26400;KELP;2031;27;;;;;2034;27;;;;;2032.5;-225.2890625
0;26500;SQUID_INK;1978;22;;;;;1982;22;;;;;1980.0;28.296875
0;26500;KELP;2031;22;;;;;2034;22;;;;;2032.5;-224.8671875
0;26500;RAINFOREST_RESIN;9996;1;9995;21;;;10004;1;10005;21;;;10000.0;60.0
0;26600;RAINFOREST_RESIN;9996;2;9995;29;;;9998;4;10004;2;10005;29;9997.0;60.0
0;26600;KELP;2031;31;;;;;2034;31;;;;;2032.5;-225.546875
0;26600;SQUID_INK;1976;31;;;;;1979;31;;;;;1977.5;-88.9453125
0;26700;SQUID_INK;1977;1;1975;8;1974;26;1978;26;;;;;1977.5;-143.7578125
0;26700;KELP;2033;1;2031;34;;;2034;26;;;;;2033.5;-217.828125
0;26700;RAINFOREST_RESIN;9995;26;;;;;10005;26;;;;;10000.0;60.0
0;26800;SQUID_INK;1970;20;;;;;1974;20;;;;;1972.0;-316.796875
0;26800;RAINFOREST_RESIN;10002;1;9998;7;9995;20;10005;20;;;;;10003.5;60.0
0;26800;KELP;2031;20;;;;;2034;20;;;;;2032.5;-216.375
0;26900;SQUID_INK;1968;22;;;;;1971;22;;;;;1969.5;-412.2109375
0;26900;KELP;2031;22;;;;;2034;22;;;;;2032.5;-217.7890625
0;26900;RAINFOREST_RESIN;9995;22;;;;;10005;22;;;;;10000.0;60.0
0;27000;RAINFOREST_RESIN;9998;2;9996;1;9995;26;10004;1;10005;26;;;10001.0;60.0
0;27000;KELP;2031;27;;;;;2033;6;2034;27;;;2032.0;-222.2890625
0;27000;SQUID_INK;1970;27;;;;;1972;6;1974;27;;;1971.0;-316.5859375
0;27100;SQUID_INK;1971;1;1969;29;;;1972;2;1973;27;;;1971.5;-366.7890625
0;27100;KELP;2033;1;2031;29;;;2034;29;;;;;2033.5;-224.21875
0;27100;RAINFOREST_RESIN;9996;2;9995;27;;;9998;1;10002;10;10004;2;9997.0;60.0
0;27200;SQUID_INK;1970;1;1969;7;1968;25;1971;25;;;;;1970.5;-412.828125
0;27200;RAINFOREST_RESIN;9998;3;9996;2;9995;23;10004;2;10005;23;;;10001.0;60.0
0;27200;KELP;2033;1;2031;32;;;2034;25;;;;;2033.5;-221.421875
0;27300;SQUID_INK;1968;24;;;;;1971;25;;;;;1969.5;-428.2890625
0;27300;KELP;2031;24;;;;;2034;25;;;;;2032.5;-220.4921875
0;27300;RAINFOREST_RESIN;9995;25;;;;;10002;8;10005;25;;;9998.5;60.0
0;27400;RAINFOREST_RESIN;9996;1;9995;22;;;9998;3;10004;1;10005;22;9997.0;60.0
0;27400;KELP;2032;6;2031;23;;;2034;23;;;;;2033.0;-221.53125
0;27400;SQUID_INK;1969;6;1968;23;;;1971;23;;;;;1970.0;-412.4765625
0;27500;SQUID_INK;1967;30;;;;;1970;30;;;;;1968.5;-461.4609375
0;27500;KELP;2031;30;;;;;2034;30;;;;;2032.5;-219.6015625
0;27500;RAINFOREST_RESIN;9995;30;;;;;10005;30;;;;;10000.0;60.0
0;27600;SQUID_INK;1969;1;1967;34;;;1970;28;;;;;1969.5;-470.6171875
0;27600;RAINFOREST_RESIN;9996;2;9995;26;;;10002;4;10004;2;10005;26;9999.0;60.0
0;27600;KELP;2033;1;2031;34;;;2034;28;;;;;2033.5;-219.640625
0;27700;SQUID_INK;1968;32;;;;;1971;32;;;;;1969.5;-421.28125
0;27700;KELP;2031;32;;;;;2034;32;;;;;2032.5;-220.640625
0;27700;RAINFOREST_RESIN;9996;2;9995;30;;;10004;2;10005;30;;;10000.0;60.0
0;27800;RAINFOREST_RESIN;9998;2;9996;2;9995;20;10004;2;10005;20;;;10001.0;60.0
0;27800;KELP;2031;27;;;;;2034;22;;;;;2032.5;-226.21875
0;27800;SQUID_INK;1970;7;1969;20;;;1973;22;;;;;1971.5;-355.25
0;27900;SQUID_INK;1970;29;;;;;1972;8;1973;29;;;1971.0;-329.5078125
0;27900;KELP;2031;29;;;;;2033;8;2034;29;;;2032.0;-223.7265625
0;27900;RAINFOREST_RESIN;9995;29;;;;;10005;29;;;;;10000.0;60.0
0;28000;SQUID_INK;1971;26;;;;;1974;22;;;;;1972.5;-296.9296875
0;28000;RAINFOREST_RESIN;9995;22;;;;;10005;22;;;;;10000.0;60.0
0;28000;KELP;2031;26;;;;;2034;22;;;;;2032.5;-217.90625
0;28100;SQUID_INK;1971;21;;;;;1974;21;;;;;1972.5;-290.125
0;28100;KELP;2031;21;;;;;2034;21;;;;;2032.5;-220.296875
0;28100;RAINFOREST_RESIN;9996;1;9995;20;;;10004;1;10005;20;;;10000.0;60.0
0;28200;RAINFOREST_RESIN;9995;23;;;;;10005;23;;;;;10000.0;68.0
0;28200;KELP;2031;23;;;;;2034;23;;;;;2032.5;-222.1953125
0;28200;SQUID_INK;1970;23;;;;;1974;23;;;;;1972.0;-325.171875
0;28300;SQUID_INK;1971;30;;;;;1974;2;1975;28;;;1972.5;-284.890625
0;28300;KELP;2031;30;;;;;2034;30;;;;;2032.5;-218.84375
0;28300;RAINFOREST_RESIN;9996;2;9995;28;;;10004;2;10005;28;;;10000.0;68.0
0;28400;SQUID_INK;1971;20;;;;;1975;20;;;;;1973.0;-278.6171875
0;28400;RAINFOREST_RESIN;9995;20;;;;;10002;8;10005;20;;;9998.5;68.0
0;28400;KELP;2031;20;;;;;2034;20;;;;;2032.5;-217.4375
0;28500;SQUID_INK;1971;5;1970;28;;;1974;30;;;;;1972.5;-313.265625
0;28500;KELP;2031;33;;;;;2034;30;;;;;2032.5;-215.53125
0;28500;RAINFOREST_RESIN;9996;2;9995;28;;;10004;2;10005;28;;;10000.0;68.0
0;28600;RAINFOREST_RESIN;9996;2;9995;26;;;10000;5;10002;5;10004;2;9998.0;68.0
0;28600;KELP;2031;27;;;;;2032;5;2034;28;;;2031.5;-220.96875
0;28600;SQUID_INK;1971;27;;;;;1972;5;1974;28;;;1971.5;-293.875
0;28700;KELP;2031;23;;;;;2034;24;;;;;2032.5;-233.3515625
0;28700;SQUID_INK;1971;23;;;;;1974;24;;;;;1972.5;-304.7734375
0;28700;RAINFOREST_RESIN;9998;8;9996;2;9995;22;10004;2;10005;22;;;10001.0;68.0
0;28800;KELP;2031;21;;;;;2034;21;;;;;2032.5;-230.46875
0;28800;SQUID_INK;1970;21;;;;;1973;21;;;;;1971.5;-342.4921875
0;28800;RAINFOREST_RESIN;9995;21;;;;;10002;8;10005;21;;;9998.5;68.0
0;28900;SQUID_INK;1971;1;1970;23;;;1974;23;;;;;1972.5;-318.1796875
0;28900;RAINFOREST_RESIN;9996;1;9995;22;;;10002;5;10004;1;10005;22;9999.0;68.0
0;28900;KELP;2031;24;;;;;2034;23;;;;;2032.5;-231.890625
0;29000;RAINFOREST_RESIN;10002;1;9996;2;9995;24;10004;2;10005;24;;;10003.0;68.0
0;29000;KELP;2031;26;;;;;2034;26;;;;;2032.5;-233.296875
0;29000;SQUID_INK;1970;26;;;;;1973;26;;;;;1971.5;-342.734375
0;29100;KELP;2030;23;;;;;2034;23;;;;;2032.0;-243.46875
0;29100;SQUID_INK;1971;23;;;;;1974;23;;;;;1972.5;-294.6640625
0;29100;RAINFOREST_RESIN;9995;23;;;;;10002;2;10005;23;;;9998.5;68.0
0;29200;KELP;2031;1;2030;22;;;2034;23;;;;;2032.5;-238.1640625
0;29200;SQUID_INK;1970;23;;;;;1973;23;;;;;1971.5;-354.0390625
0;29200;RAINFOREST_RESIN;9996;1;9995;22;;;10004;1;10005;22;;;10000.0;68.0
0;29300;SQUID_INK;1972;23;;;;;1975;23;;;;;1973.5;-259.109375
0;29300;RAINFOREST_RESIN;9996;1;9995;22;;;10004;1;10005;22;;;10000.0;68.0
0;29300;KELP;2030;23;;;;;2034;23;;;;;2032.0;-241.5546875
0;29400;RAINFOREST_RESIN;9996;2;9995;23;;;10002;4;10004;2;10005;23;9999.0;68.0
0;29400;KELP;2030;25;;;;;2033;2;2034;23;;;2031.5;-250.7578125
0;29400;SQUID_INK;1970;25;;;;;1974;25;;;;;1972.0;-319.5
0;29500;KELP;2030;19;;;;;2033;20;;;;;2031.5;-256.625
0;29500;SQUID_INK;1970;19;;;;;1973;20;;;;;1971.5;-347.8828125
0;29500;RAINFOREST_RESIN;9998;6;9995;20;;;10005;20;;;;;10001.5;68.0
0;29600;KELP;2030;27;;;;;2031;4;2033;1;2034;26;2030.5;-253.8125
0;29600;SQUID_INK;1970;27;;;;;1971;4;1973;27;;;1970.5;-328.765625
0;29600;RAINFOREST_RESIN;9996;1;9995;26;;;10000;4;10004;1;10005;26;9998.0;68.0
0;29700;SQUID_INK;1970;23;;;;;1972;8;1973;23;;;1971.0;-378.333984375
0;29700;RAINFOREST_RESIN;9996;1;9995;22;;;10002;7;10004;1;10005;22;9999.0;68.0
0;29700;KELP;2030;23;;;;;2032;8;2033;1;2034;22;2031.0;-300.58984375
0;29800;RAINFOREST_RESIN;9995;25;;;;;10005;25;;;;;10000.0;68.0
0;29800;KELP;2032;1;2030;29;;;2034;25;;;;;2033.0;-302.0859375
0;29800;SQUID_INK;1971;1;1970;4;1969;25;1972;25;;;;;1971.5;-392.009765625
0;29900;KELP;2030;32;;;;;2034;32;;;;;2032.0;-299.5390625
0;29900;SQUID_INK;1968;32;;;;;1972;32;;;;;1970.0;-453.1484375
0;29900;RAINFOREST_RESIN;9996;2;9995;30;;;10004;2;10005;30;;;10000.0;88.0
0;30000;KELP;2031;4;2030;25;;;2034;25;;;;;2032.5;-283.328125
0;30000;SQUID_INK;1968;4;1967;25;;;1970;2;1971;23;;;1969.0;-466.25
0;30000;RAINFOREST_RESIN;9998;10;9996;2;9995;23;10004;2;10005;23;;;10001.0;88.0
0;30100;SQUID_INK;1968;21;;;;;1971;21;;;;;1969.5;-445.6171875
0;30100;RAINFOREST_RESIN;9996;1;9995;20;;;10004;1;10005;20;;;10000.0;88.0
0;30100;KELP;2030;21;;;;;2033;1;2034;20;;;2031.5;-284.189453125
0;30200;RAINFOREST_RESIN;9996;2;9995;28;;;9998;1;10002;8;10004;2;9997.0;88.0
0;30200;KELP;2030;30;;;;;2033;2;2034;28;;;2031.5;-283.8046875
0;30200;SQUID_INK;1967;2;1966;28;;;1970;30;;;;;1968.5;-485.26171875
0;30300;KELP;2030;31;;;;;2032;1;2033;31;;;2031.0;-284.478515625
0;30300;SQUID_INK;1968;31;;;;;1970;1;1971;31;;;1969.0;-449.2109375
0;30300;RAINFOREST_RESIN;10002;4;9996;2;9995;29;10004;2;10005;29;;;10003.0;88.0
0;30400;KELP;2032;2;2030;30;;;2033;30;;;;;2032.5;-284.556640625
0;30400;SQUID_INK;1968;2;1966;30;;;1969;30;;;;;1968.5;-503.4140625
0;30400;RAINFOREST_RESIN;9995;30;;;;;10005;30;;;;;10000.0;88.0
0;30500;RAINFOREST_RESIN;9996;2;9995;28;;;10004;2;10005;28;;;10000.0;88.0
0;30500;SQUID_INK;1962;35;;;;;1965;30;;;;;1963.5;-594.51171875
0;30500;KELP;2030;35;;;;;2033;30;;;;;2031.5;-284.6103515625
0;30600;RAINFOREST_RESIN;10002;1;9996;2;9995;30;10004;2;10005;30;;;10003.0;88.0
0;30600;KELP;2030;32;;;;;2032;7;2033;32;;;2031.0;-284.65625
0;30600;SQUID_INK;1964;32;;;;;1966;7;1967;32;;;1965.0;-541.4453125
0;30700;KELP;2030;29;;;;;2033;29;;;;;2031.5;-284.65576171875
0;30700;RAINFOREST_RESIN;9996;2;9995;27;;;10004;2;10005;27;;;10000.0;88.0
0;30700;SQUID_INK;1960;29;;;;;1963;29;;;;;1961.5;-640.171875
0;30800;SQUID_INK;1963;2;1962;29;;;1966;31;;;;;1964.5;-577.74609375
0;30800;KELP;2030;31;;;;;2033;31;;;;;2031.5;-284.85400390625
0;30800;RAINFOREST_RESIN;9998;8;9996;2;9995;29;10004;2;10005;29;;;10001.0;88.0
0;30900;RAINFOREST_RESIN;9995;21;;;;;10005;21;;;;;10000.0;88.0
0;30900;SQUID_INK;1961;21;;;;;1963;7;1965;21;;;1962.0;-602.0859375
0;30900;KELP;2030;21;;;;;2032;7;2033;21;;;2031.0;-284.89501953125
0;31000;RAINFOREST_RESIN;9996;2;9995;26;;;10002;2;10004;2;10005;26;9999.0;88.0
0;31000;SQUID_INK;1964;6;1962;28;;;1966;28;;;;;1965.0;-581.2421875
0;31000;KELP;2032;6;2030;28;;;2033;28;;;;;2032.5;-284.48779296875
0;31100;KELP;2030;14;;;;;2033;23;;;;;2031.5;-282.064453125
0;31100;RAINFOREST_RESIN;10002;1;9995;23;;;10005;23;;;;;10003.5;88.0
0;31100;SQUID_INK;1961;23;;;;;1962;9;1965;23;;;1961.5;-602.375
0;31200;SQUID_INK;1963;21;;;;;1965;8;1966;1;1967;21;1964.0;-536.1171875
0;31200;KELP;2030;21;;;;;2032;8;2033;22;;;2031.0;-282.16259765625
0;31200;RAINFOREST_RESIN;9996;1;9995;21;;;10002;6;10004;1;10005;21;9999.0;88.0
0;31300;RAINFOREST_RESIN;9996;2;9995;20;;;10004;2;10005;20;;;10000.0;88.0
0;31300;SQUID_INK;1963;22;;;;;1966;22;;;;;1964.5;-543.7109375
0;31300;KELP;2030;22;;;;;2033;22;;;;;2031.5;-281.7314453125
0;31400;RAINFOREST_RESIN;9995;22;;;;;10005;22;;;;;10000.0;88.0
0;31400;SQUID_INK;1962;22;;;;;1965;22;;;;;1963.5;-582.9296875
0;31400;KELP;2030;22;;;;;2033;22;;;;;2031.5;-281.8818359375
0;31500;KELP;2030;22;;;;;2033;22;;;;;2031.5;-281.88427734375
0;31500;RAINFOREST_RESIN;9996;1;9995;21;;;10004;1;10005;21;;;10000.0;88.0
0;31500;SQUID_INK;1964;22;;;;;1967;1;1968;21;;;1965.5;-504.8828125
0;31600;SQUID_INK;1963;24;;;;;1967;24;;;;;1965.0;-532.30859375
0;31600;KELP;2030;24;;;;;2033;24;;;;;2031.5;-281.974609375
0;31600;RAINFOREST_RESIN;9995;24;;;;;9998;3;10005;24;;;9996.5;88.0
0;31700;RAINFOREST_RESIN;9995;29;;;;;10002;3;10005;29;;;9998.5;88.0
0;31700;SQUID_INK;1963;29;;;;;1966;29;;;;;1964.5;-542.0703125
0;31700;KELP;2030;29;;;;;2033;29;;;;;2031.5;-282.00146484375
0;31800;RAINFOREST_RESIN;9996;2;9995;22;;;10002;2;10004;2;10005;22;9999.0;100.0
0;31800;SQUID_INK;1964;2;1963;24;;;1966;24;;;;;1965.0;-555.78515625
0;31800;KELP;2032;2;2030;24;;;2033;24;;;;;2032.5;-282.158203125
0;31900;KELP;2030;34;;;;;2033;28;;;;;2031.5;-281.54296875
0;31900;RAINFOREST_RESIN;9996;2;9995;26;;;10004;2;10005;26;;;10000.0;100.0
0;31900;SQUID_INK;1965;6;1964;28;;;1968;28;;;;;1966.5;-502.11328125
0;32000;SQUID_INK;1962;22;;;;;1965;22;;;;;1963.5;-569.328125
0;32000;KELP;2030;22;;;;;2033;22;;;;;2031.5;-281.0234375
0;32000;RAINFOREST_RESIN;9996;2;9995;20;;;10002;10;10004;2;10005;20;9999.0;100.0
0;32100;RAINFOREST_RESIN;9998;9;9995;25;;;10005;25;;;;;10001.5;100.0
0;32100;SQUID_INK;1962;25;;;;;1965;25;;;;;1963.5;-584.30859375
0;32100;KELP;2030;25;;;;;2033;25;;;;;2031.5;-281.1162109375
0;32200;RAINFOREST_RESIN;9996;1;9995;24;;;10002;5;10004;1;10005;24;9999.0;100.0
0;32200;SQUID_INK;1961;25;;;;;1964;25;;;;;1962.5;-604.7421875
0;32200;KELP;2030;25;;;;;2033;25;;;;;2031.5;-279.619140625
0;32300;KELP;2031;3;2030;32;;;2033;32;;;;;2032.0;-279.3115234375
0;32300;RAINFOREST_RESIN;10000;3;9996;2;9995;30;10004;2;10005;30;;;10002.0;100.0
0;32300;SQUID_INK;1960;3;1959;32;;;1962;32;;;;;1961.0;-674.421875
0;32400;SQUID_INK;1958;29;;;;;1962;29;;;;;1960.0;-691.71484375
0;32400;KELP;2029;29;;;;;2033;29;;;;;2031.0;-278.1328125
0;32400;RAINFOREST_RESIN;9998;2;9995;29;;;10005;29;;;;;10001.5;100.0
0;32500;RAINFOREST_RESIN;10002;1;9996;2;9995;24;10004;2;10005;24;;;10003.0;100.0
0;32500;SQUID_INK;1959;27;;;;;1962;26;;;;;1960.5;-669.15625
0;32500;KELP;2030;1;2029;26;;;2033;26;;;;;2031.5;-278.1103515625
0;32600;RAINFOREST_RESIN;9998;1;9996;2;9995;26;10004;2;10005;26;;;10001.0;100.0
0;32600;SQUID_INK;1958;28;;;;;1961;2;1962;26;;;1959.5;-686.34765625
0;32600;KELP;2029;28;;;;;2033;28;;;;;2031.0;-268.46484375
0;32700;KELP;2029;32;;;;;2032;32;;;;;2030.5;-266.12109375
0;32700;RAINFOREST_RESIN;9996;2;9995;30;;;10004;2;10005;30;;;10000.0;100.0
0;32700;SQUID_INK;1958;32;;;;;1961;32;;;;;1959.5;-695.34375
0;32800;SQUID_INK;1957;29;;;;;1960;29;;;;;1958.5;-721.67578125
0;32800;KELP;2029;29;;;;;2033;29;;;;;2031.0;-268.810546875
0;32800;RAINFOREST_RESIN;9995;29;;;;;10005;29;;;;;10000.0;100.0
0;32900;RAINFOREST_RESIN;9996;1;9995;20;;;10002;10;10004;1;10005;20;9999.0;100.0
0;32900;SQUID_INK;1956;21;;;;;1960;21;;;;;1958.0;-729.1875
0;32900;KELP;2030;21;;;;;2033;21;;;;;2031.5;-274.07421875
0;33000;RAINFOREST_RESIN;9998;2;9995;28;;;10005;28;;;;;10001.5;100.0
0;33000;SQUID_INK;1956;28;;;;;1958;4;1959;28;;;1957.0;-742.65234375
0;33000;KELP;2030;28;;;;;2032;4;2033;28;;;2031.0;-272.001953125
0;33100;KELP;2030;26;;;;;2033;26;;;;;2031.5;-272.5078125
0;33100;RAINFOREST_RESIN;9996;1;9995;25;;;10004;1;10005;25;;;10000.0;100.0
0;33100;SQUID_INK;1955;26;;;;;1958;26;;;;;1956.5;-764.2265625
0;33200;SQUID_INK;1955;24;;;;;1957;5;1958;24;;;1956.0;-771.24609375
0;33200;KELP;2030;24;;;;;2032;5;2033;24;;;2031.0;-273.59765625
0;33200;RAINFOREST_RESIN;9996;1;9995;23;;;10004;1;10005;23;;;10000.0;100.0
0;33300;RAINFOREST_RESIN;9996;1;9995;30;;;10002;1;10004;1;10005;30;9999.0;100.0
0;33300;SQUID_INK;1954;31;;;;;1957;1;1958;30;;;1955.5;-782.5
0;33300;KELP;2030;31;;;;;2033;31;;;;;2031.5;-272.9765625
0;33400;RAINFOREST_RESIN;9995;20;;;;;10005;20;;;;;10000.0;100.0
0;33400;SQUID_INK;1955;20;;;;;1957;2;1958;20;;;1956.0;-767.5234375
0;33400;KELP;2030;20;;;;;2032;2;2033;20;;;2031.0;-272.62890625
0;33500;KELP;2030;23;;;;;2033;23;;;;;2031.5;-274.82421875
0;33500;RAINFOREST_RESIN;9996;2;9995;21;;;10002;4;10004;2;10005;21;9999.0;100.0
0;33500;SQUID_INK;1955;23;;;;;1958;23;;;;;1956.5;-774.5546875
0;33600;SQUID_INK;1955;27;;;;;1958;27;;;;;1956.5;-765.2890625
0;33600;KELP;2030;27;;;;;2033;27;;;;;2031.5;-273.759765625
0;33600;RAINFOREST_RESIN;9995;27;;;;;9998;2;10005;27;;;9996.5;100.0
0;33700;RAINFOREST_RESIN;9996;1;9995;25;;;10004;1;10005;25;;;10000.0;100.0
0;33700;SQUID_INK;1957;26;;;;;1959;6;1960;26;;;1958.0;-721.66015625
0;33700;KELP;2030;26;;;;;2032;6;2033;26;;;2031.0;-274.279296875
0;33800;RAINFOREST_RESIN;9995;21;;;;;10002;4;10005;21;;;9998.5;100.0
0;33800;SQUID_INK;1957;21;;;;;1960;21;;;;;1958.5;-714.2578125
0;33800;KELP;2029;21;;;;;2033;21;;;;;2031.0;-270.119140625
0;33900;KELP;2029;28;;;;;2033;28;;;;;2031.0;-268.7421875
0;33900;RAINFOREST_RESIN;9996;1;9995;27;;;10004;1;10005;27;;;10000.0;100.0
0;33900;SQUID_INK;1956;28;;;;;1959;28;;;;;1957.5;-741.8125
0;34000;SQUID_INK;1959;1;1957;2;1956;28;1960;30;;;;;1959.5;-726.95703125
0;34000;KELP;2032;1;2029;30;;;2033;30;;;;;2032.5;-269.728515625
0;34000;RAINFOREST_RESIN;9996;2;9995;28;;;10004;2;10005;28;;;10000.0;144.0
0;34100;RAINFOREST_RESIN;9996;2;9995;25;;;10004;2;10005;25;;;10000.0;144.0
0;34100;SQUID_INK;1957;27;;;;;1960;27;;;;;1958.5;-764.0390625
0;34100;KELP;2029;27;;;;;2033;27;;;;;2031.0;-268.966796875
0;34200;RAINFOREST_RESIN;9996;2;9995;30;;;10002;2;10004;2;10005;30;9999.0;144.0
0;34200;SQUID_INK;1957;32;;;;;1960;32;;;;;1958.5;-758.09375
0;34200;KELP;2029;32;;;;;2033;32;;;;;2031.0;-267.759765625
0;34300;KELP;2029;28;;;;;2033;29;;;;;2031.0;-269.61328125
0;34300;RAINFOREST_RESIN;9996;1;9995;28;;;10004;1;10005;28;;;10000.0;144.0
0;34300;SQUID_INK;1957;28;;;;;1960;29;;;;;1958.5;-761.8671875
0;34400;SQUID_INK;1957;30;;;;;1960;30;;;;;1958.5;-763.7265625
0;34400;KELP;2030;30;;;;;2033;30;;;;;2031.5;-271.041015625
0;34400;RAINFOREST_RESIN;9996;2;9995;28;;;10004;2;10005;28;;;10000.0;144.0
0;34500;RAINFOREST_RESIN;9996;2;9995;22;;;10004;2;10005;22;;;10000.0;144.0
0;34500;SQUID_INK;1957;2;1956;22;;;1960;24;;;;;1958.5;-777.6796875
0;34500;KELP;2030;24;;;;;2033;24;;;;;2031.5;-272.1171875
0;34600;RAINFOREST_RESIN;9995;24;;;;;10005;24;;;;;10000.0;144.0
0;34600;SQUID_INK;1957;24;;;;;1960;24;;;;;1958.5;-744.8984375
0;34600;KELP;2030;24;;;;;2033;24;;;;;2031.5;-272.787109375
0;34700;KELP;2030;9;2029;23;;;2033;25;;;;;2031.5;-257.55859375
0;34700;RAINFOREST_RESIN;9996;2;9995;23;;;10004;2;10005;23;;;10000.0;144.0
0;34700;SQUID_INK;1959;7;1958;25;;;1962;25;;;;;1960.5;-681.1875
0;34800;RAINFOREST_RESIN;9998;3;9996;2;9995;22;10004;2;10005;22;;;10001.0;144.0
0;34800;SQUID_INK;1958;24;;;;;1959;10;1962;24;;;1958.5;-683.8984375
0;34800;KELP;2029;24;;;;;2030;10;2033;24;;;2029.5;-254.22265625
0;34900;SQUID_INK;1959;24;;;;;1962;24;;;;;1960.5;-719.6640625
0;34900;KELP;2029;24;;;;;2033;24;;;;;2031.0;-244.80078125
0;34900;RAINFOREST_RESIN;9995;24;;;;;10005;24;;;;;10000.0;144.0
0;35000;RAINFOREST_RESIN;9995;29;;;;;10005;29;;;;;10000.0;144.0
0;35000;SQUID_INK;1959;29;;;;;1962;29;;;;;1960.5;-715.7734375
0;35000;KELP;2029;29;;;;;2033;29;;;;;2031.0;-245.8671875
0;35100;KELP;2030;23;;;;;2033;23;;;;;2031.5;-251.9140625
0;35100;RAINFOREST_RESIN;9996;2;9995;21;;;10004;2;10005;21;;;10000.0;144.0
0;35100;SQUID_INK;1958;2;1957;21;;;1961;23;;;;;1959.5;-754.75390625
0;35200;RAINFOREST_RESIN;9995;24;;;;;10005;24;;;;;10000.0;144.0
0;35200;SQUID_INK;1958;24;;;;;1960;3;1961;24;;;1959.0;-737.390625
0;35200;KELP;2030;24;;;;;2032;3;2033;24;;;2031.0;-254.74609375
0;35300;SQUID_INK;1960;8;1959;23;;;1962;1;1963;22;;;1961.0;-707.640625
0;35300;KELP;2031;8;2030;23;;;2033;1;2034;22;;;2032.0;-258.03125
0;35300;RAINFOREST_RESIN;9998;8;9996;1;9995;22;10004;1;10005;22;;;10001.0;144.0
0;35400;SQUID_INK;1957;27;;;;;1960;27;;;;;1958.5;-763.08984375
0;35400;RAINFOREST_RESIN;10002;1;9996;2;9995;25;10004;2;10005;25;;;10003.0;144.0
0;35400;KELP;2030;27;;;;;2033;27;;;;;2031.5;-256.48046875
0;35500;SQUID_INK;1958;2;1957;27;;;1961;29;;;;;1959.5;-753.72265625
0;35500;KELP;2030;29;;;;;2033;2;2034;27;;;2031.5;-257.70703125
0;35500;RAINFOREST_RESIN;9996;2;9995;27;;;10004;2;10005;27;;;10000.0;144.0
0;35600;RAINFOREST_RESIN;9996;1;9995;23;;;10002;3;10004;1;10005;23;9999.0;144.0
0;35600;KELP;2030;24;;;;;2033;1;2034;23;;;2031.5;-257.70703125
0;35600;SQUID_INK;1957;24;;;;;1960;24;;;;;1958.5;-776.13671875
0;35700;SQUID_INK;1956;31;;;;;1960;31;;;;;1958.0;-782.546875
0;35700;KELP;2030;31;;;;;2033;2;2034;29;;;2031.5;-258.078125
0;35700;RAINFOREST_RESIN;9996;2;9995;29;;;10002;9;10004;2;10005;29;9999.0;144.0
0;35800;SQUID_INK;1957;29;;;;;1960;23;;;;;1958.5;-767.66796875
0;35800;RAINFOREST_RESIN;9996;2;9995;21;;;10004;2;10005;21;;;10000.0;144.0
0;35800;KELP;2031;6;2030;23;;;2033;2;2034;21;;;2032.0;-248.23046875
0;35900;SQUID_INK;1958;30;;;;;1961;30;;;;;1959.5;-749.123046875
0;35900;KELP;2030;30;;;;;2034;30;;;;;2032.0;-248.953125
0;35900;RAINFOREST_RESIN;9996;2;9995;28;;;10004;2;10005;28;;;10000.0;144.0
0;36000;RAINFOREST_RESIN;9995;30;;;;;10000;2;10002;9;10005;30;9997.5;144.0
0;36000;KELP;2030;30;;;;;2031;2;2032;2;2034;30;2030.5;-246.57421875
0;36000;SQUID_INK;1957;30;;;;;1958;2;1959;2;1961;30;1957.5;-757.146484375
0;36100;SQUID_INK;1957;23;;;;;1959;6;1960;23;;;1958.0;-762.25
0;36100;KELP;2030;23;;;;;2032;6;2033;23;;;2031.0;-245.83203125
0;36100;RAINFOREST_RESIN;9998;7;9996;2;9995;21;10004;2;10005;21;;;10001.0;144.0
0;36200;SQUID_INK;1955;30;;;;;1958;30;;;;;1956.5;-799.86328125
0;36200;RAINFOREST_RESIN;9998;5;9996;1;9995;29;10004;1;10005;29;;;10001.0;144.0
0;36200;KELP;2030;30;;;;;2033;30;;;;;2031.5;-245.8203125
0;36300;SQUID_INK;1957;1;1956;30;;;1960;31;;;;;1958.5;-770.01171875
0;36300;KELP;2030;31;;;;;2033;31;;;;;2031.5;-242.89453125
0;36300;RAINFOREST_RESIN;9996;1;9995;30;;;10004;1;10005;30;;;10000.0;144.0
0;36400;RAINFOREST_RESIN;9996;1;9995;28;;;10002;8;10004;1;10005;28;9999.0;144.0
0;36400;KELP;2030;30;;;;;2033;29;;;;;2031.5;-239.421875
0;36400;SQUID_INK;1960;1;1959;29;;;1962;1;1963;28;;;1961.0;-723.2734375
0;36500;SQUID_INK;1958;28;;;;;1961;29;;;;;1959.5;-743.7578125
0;36500;KELP;2029;28;;;;;2033;29;;;;;2031.0;-224.265625
0;36500;RAINFOREST_RESIN;9996;2;9995;27;;;10004;2;10005;27;;;10000.0;144.0
0;36600;SQUID_INK;1958;31;;;;;1959;2;1961;31;;;1958.5;-745.890625
0;36600;RAINFOREST_RESIN;9996;1;9995;30;;;10000;2;10004;1;10005;30;9998.0;144.0
0;36600;KELP;2030;1;2029;30;;;2031;2;2033;31;;;2030.5;-230.08984375
0;36700;SQUID_INK;1957;22;;;;;1961;22;;;;;1959.0;-785.90234375
0;36700;KELP;2030;22;;;;;2033;22;;;;;2031.5;-233.828125
0;36700;RAINFOREST_RESIN;10002;1;9996;1;9995;21;10004;1;10005;21;;;10003.0;144.0
0;36800;RAINFOREST_RESIN;9996;2;9995;23;;;10004;2;10005;23;;;10000.0;144.0
0;36800;KELP;2030;25;;;;;2033;25;;;;;2031.5;-235.89453125
0;36800;SQUID_INK;1959;25;;;;;1962;25;;;;;1960.5;-808.08203125
0;36900;SQUID_INK;1959;22;;;;;1963;22;;;;;1961.0;-812.712890625
0;36900;KELP;2029;22;;;;;2033;22;;;;;2031.0;-226.3046875
0;36900;RAINFOREST_RESIN;9998;6;9995;22;;;10005;22;;;;;10001.5;144.0
0;37000;SQUID_INK;1960;22;;;;;1963;2;1964;20;;;1961.5;-826.283203125
0;37000;RAINFOREST_RESIN;9996;2;9995;20;;;10004;2;10005;20;;;10000.0;144.0
0;37000;KELP;2029;22;;;;;2033;22;;;;;2031.0;-226.32421875
0;37100;SQUID_INK;1962;5;1961;24;;;1964;24;;;;;1963.0;-833.28515625
0;37100;KELP;2031;5;2029;24;;;2033;24;;;;;2032.0;-226.6796875
0;37100;RAINFOREST_RESIN;10000;5;9995;24;;;10005;24;;;;;10002.5;144.0
0;37200;RAINFOREST_RESIN;9996;2;9995;27;;;10004;2;10005;27;;;10000.0;144.0
0;37200;KELP;2029;29;;;;;2033;29;;;;;2031.0;-226.5390625
0;37200;SQUID_INK;1960;29;;;;;1964;29;;;;;1962.0;-820.71875
0;37300;SQUID_INK;1957;23;;;;;1959;4;1960;23;;;1958.0;-737.140625
0;37300;KELP;2029;23;;;;;2031;4;2033;23;;;2030.0;-228.62890625
0;37300;RAINFOREST_RESIN;9996;1;9995;22;;;10004;1;10005;22;;;10000.0;144.0
0;37400;SQUID_INK;1958;26;;;;;1961;22;;;;;1959.5;-762.98828125
0;37400;RAINFOREST_RESIN;9995;22;;;;;10005;22;;;;;10000.0;152.0
0;37400;KELP;2030;4;2029;22;;;2033;22;;;;;2031.5;-227.83984375
0;37500;SQUID_INK;1958;5;1956;31;;;1960;31;;;;;1959.0;-727.08984375
0;37500;RAINFOREST_RESIN;10000;5;9996;1;9995;30;10004;1;10005;30;;;10002.0;152.0
0;37500;KELP;2031;5;2030;31;;;2033;31;;;;;2032.0;-231.8125
0;37600;RAINFOREST_RESIN;9996;1;9995;24;;;10004;1;10005;24;;;10000.0;152.0
0;37600;KELP;2029;25;;;;;2031;5;2033;25;;;2030.0;-228.69921875
0;37600;SQUID_INK;1957;25;;;;;1959;5;1960;1;1961;24;1958.0;-746.30859375
0;37700;KELP;2029;20;;;;;2033;20;;;;;2031.0;-219.1328125
0;37700;SQUID_INK;1957;20;;;;;1960;20;;;;;1958.5;-731.935546875
0;37700;RAINFOREST_RESIN;10002;1;9995;20;;;10005;20;;;;;10003.5;188.0
0;37800;KELP;2030;2;2029;23;;;2033;25;;;;;2031.5;-220.3359375
0;37800;SQUID_INK;1957;25;;;;;1960;25;;;;;1958.5;-733.990234375
0;37800;RAINFOREST_RESIN;9996;2;9995;23;;;10004;2;10005;23;;;10000.0;188.0
0;37900;SQUID_INK;1957;29;;;;;1960;29;;;;;1958.5;-729.99609375
0;37900;RAINFOREST_RESIN;9996;2;9995;27;;;10004;2;10005;27;;;10000.0;188.0
0;37900;KELP;2030;29;;;;;2033;29;;;;;2031.5;-221.70703125
0;38000;RAINFOREST_RESIN;9998;3;9995;30;;;10005;30;;;;;10001.5;188.0
0;38000;KELP;2030;30;;;;;2033;30;;;;;2031.5;-220.36328125
0;38000;SQUID_INK;1956;30;;;;;1960;30;;;;;1958.0;-723.87109375
0;38100;KELP;2030;29;;;;;2032;4;2033;29;;;2031.0;-220.7421875
0;38100;SQUID_INK;1955;29;;;;;1957;4;1958;29;;;1956.0;-705.640625
0;38100;RAINFOREST_RESIN;9998;4;9996;1;9995;28;10004;1;10005;28;;;10001.0;188.0
0;38200;KELP;2030;31;;;;;2033;31;;;;;2031.5;-222.62109375
0;38200;SQUID_INK;1955;31;;;;;1958;2;1959;29;;;1956.5;-707.068359375
0;38200;RAINFOREST_RESIN;9998;4;9996;2;9995;29;10004;2;10005;29;;;10001.0;188.0
0;38300;SQUID_INK;1955;27;;;;;1958;22;;;;;1956.5;-704.3203125
0;38300;RAINFOREST_RESIN;9995;22;;;;;10005;22;;;;;10000.0;188.0
0;38300;KELP;2030;27;;;;;2033;22;;;;;2031.5;-221.44140625
0;38400;RAINFOREST_RESIN;9996;2;9995;29;;;10004;2;10005;29;;;10000.0;188.0
0;38400;KELP;2030;27;;;;;2033;31;;;;;2031.5;-221.26171875
0;38400;SQUID_INK;1957;27;;;;;1960;31;;;;;1958.5;-731.859375
0;38500;KELP;2030;24;;;;;2033;24;;;;;2031.5;-221.75
0;38500;SQUID_INK;1956;24;;;;;1959;24;;;;;1957.5;-714.423828125
0;38500;RAINFOREST_RESIN;9996;2;9995;22;;;10004;2;10005;22;;;10000.0;188.0
0;38600;KELP;2030;31;;;;;2033;31;;;;;2031.5;-224.4453125
0;38600;SQUID_INK;1955;31;;;;;1959;31;;;;;1957.0;-710.201171875
0;38600;RAINFOREST_RESIN;10002;1;9996;2;9995;29;10004;2;10005;29;;;10003.0;188.0
0;38700;SQUID_INK;1955;21;;;;;1958;2;1959;20;;;1956.5;-706.708984375
0;38700;RAINFOREST_RESIN;9996;2;9995;20;;;10004;2;10005;20;;;10000.0;188.0
0;38700;KELP;2030;21;;;;;2033;22;;;;;2031.5;-224.56640625
0;38800;RAINFOREST_RESIN;9996;2;9995;25;;;10004;2;10005;25;;;10000.0;212.0
0;38800;KELP;2030;27;;;;;2032;2;2033;27;;;2031.0;-224.93359375
0;38800;SQUID_INK;1956;27;;;;;1958;2;1960;27;;;1957.0;-724.353515625
0;38900;KELP;2030;25;;;;;2033;25;;;;;2031.5;-224.11328125
0;38900;SQUID_INK;1958;25;;;;;1961;25;;;;;1959.5;-745.59765625
0;38900;RAINFOREST_RESIN;9996;2;9995;23;;;10004;2;10005;23;;;10000.0;212.0
0;39000;KELP;2030;24;;;;;2031;3;2032;6;2033;24;2030.5;-224.47265625
0;39000;SQUID_INK;1957;24;;;;;1958;3;1959;6;1960;24;1957.5;-735.4375
0;39000;RAINFOREST_RESIN;9996;1;9995;23;;;10000;3;10004;1;10005;23;9998.0;212.0
0;39100;SQUID_INK;1958;38;;;;;1961;30;;;;;1959.5;-740.7734375
0;39100;RAINFOREST_RESIN;9996;2;9995;28;;;9998;3;10004;2;10005;28;9997.0;212.0
0;39100;KELP;2030;38;;;;;2033;30;;;;;2031.5;-263.5703125
0;39200;RAINFOREST_RESIN;9995;21;;;;;10000;4;10005;21;;;9997.5;212.0
0;39200;KELP;2030;26;;;;;2031;4;2033;21;;;2030.5;-267.859375
0;39200;SQUID_INK;1958;5;1957;21;;;1959;4;1961;21;;;1958.5;-738.861328125
0;39300;KELP;2030;24;;;;;2033;24;;;;;2031.5;-264.3984375
0;39300;RAINFOREST_RESIN;9995;24;;;;;10005;24;;;;;10000.0;220.0
0;39300;SQUID_INK;1957;24;;;;;1960;24;;;;;1958.5;-727.03515625
0;39400;KELP;2029;21;;;;;2033;21;;;;;2031.0;-233.0703125
0;39400;SQUID_INK;1958;21;;;;;1961;21;;;;;1959.5;-749.84765625
0;39400;RAINFOREST_RESIN;9995;21;;;;;10005;21;;;;;10000.0;220.0
0;39500;RAINFOREST_RESIN;9995;29;;;;;10005;29;;;;;10000.0;220.0
0;39500;SQUID_INK;1956;29;;;;;1958;3;1960;29;;;1957.0;-721.86328125
0;39500;KELP;2029;29;;;;;2031;3;2033;29;;;2030.0;-240.171875
0;39600;RAINFOREST_RESIN;9996;1;9995;30;;;10004;1;10005;30;;;10000.0;220.0
0;39600;KELP;2029;31;;;;;2033;31;;;;;2031.0;-239.6953125
0;39600;SQUID_INK;1957;31;;;;;1960;31;;;;;1958.5;-731.47265625
0;39700;KELP;2029;29;;;;;2030;6;2033;30;;;2029.5;-237.9453125
0;39700;RAINFOREST_RESIN;9996;1;9995;29;;;10000;6;10004;1;10005;29;9998.0;220.0
0;39700;SQUID_INK;1957;29;;;;;1959;6;1961;30;;;1958.0;-742.6640625
0;39800;SQUID_INK;1957;24;;;;;1960;24;;;;;1958.5;-730.8984375
0;39800;KELP;2029;24;;;;;2032;24;;;;;2030.5;-224.5390625
0;39800;RAINFOREST_RESIN;9996;2;9995;22;;;9998;1;10004;2;10005;22;9997.0;220.0
0;39900;RAINFOREST_RESIN;9998;10;9996;1;9995;28;10004;1;10005;28;;;10001.0;220.0
0;39900;SQUID_INK;1957;29;;;;;1959;7;1960;29;;;1958.0;-729.34375
0;39900;KELP;2029;1;2028;28;;;2030;7;2032;29;;;2029.5;-201.5703125
0;40000;RAINFOREST_RESIN;10002;11;9996;1;9995;25;10004;1;10005;25;;;10003.0;220.0
0;40000;SQUID_INK;1956;26;;;;;1959;26;;;;;1957.5;-715.6640625
0;40000;KELP;2029;1;2028;25;;;2032;26;;;;;2030.5;-202.16796875
0;40100;KELP;2028;30;;;;;2030;4;2032;30;;;2029.0;-183.3828125
0;40100;RAINFOREST_RESIN;9995;30;;;;;10005;30;;;;;10000.0;220.0
0;40100;SQUID_INK;1954;30;;;;;1956;4;1957;30;;;1955.0;-702.3603515625
0;40200;SQUID_INK;1953;25;;;;;1956;25;;;;;1954.5;-698.09326171875
0;40200;KELP;2029;1;2028;24;;;2032;25;;;;;2030.5;-185.4375
0;40200;RAINFOREST_RESIN;9996;1;9995;24;;;10002;7;10004;1;10005;24;9999.0;220.0
0;40300;RAINFOREST_RESIN;10002;4;9996;1;9995;29;10004;1;10005;29;;;10003.0;220.0
0;40300;SQUID_INK;1954;1;1953;29;;;1957;30;;;;;1955.5;-701.138671875
0;40300;KELP;2028;30;;;;;2032;30;;;;;2030.0;-176.6875
0;40400;RAINFOREST_RESIN;9996;2;9995;23;;;10004;2;10005;23;;;10000.0;220.0
0;40400;SQUID_INK;1950;25;;;;;1954;25;;;;;1952.0;-672.33984375
0;40400;KELP;2029;2;2028;23;;;2032;25;;;;;2030.5;-181.66796875
0;40500;KELP;2029;22;;;;;2032;22;;;;;2030.5;-189.5
0;40500;RAINFOREST_RESIN;9996;1;9995;21;;;10004;1;10005;21;;;10000.0;220.0
0;40500;SQUID_INK;1949;22;;;;;1952;22;;;;;1950.5;-660.662109375
0;40600;SQUID_INK;1947;28;;;;;1950;28;;;;;1948.5;-615.15234375
0;40600;KELP;2029;28;;;;;2032;28;;;;;2030.5;-187.1875
0;40600;RAINFOREST_RESIN;10002;1;9995;28;;;10005;28;;;;;10003.5;220.0
0;40700;RAINFOREST_RESIN;9998;10;9996;1;9995;29;10004;1;10005;29;;;10001.0;220.0
0;40700;SQUID_INK;1949;1;1948;6;1947;30;1950;1;1951;29;;;1949.5;-617.6875
0;40700;KELP;2031;1;2029;36;;;2032;30;;;;;2031.5;-178.0
0;40800;RAINFOREST_RESIN;9995;21;;;;;10005;21;;;;;10000.0;220.0
0;40800;SQUID_INK;1947;21;;;;;1950;21;;;;;1948.5;-605.140625
0;40800;KELP;2029;21;;;;;2032;21;;;;;2030.5;-225.3125
0;40900;KELP;2029;3;2028;25;;;2032;25;;;;;2030.5;-224.95703125
0;40900;RAINFOREST_RESIN;9998;2;9995;25;;;10005;25;;;;;10001.5;220.0
0;40900;SQUID_INK;1947;28;;;;;1950;25;;;;;1948.5;-608.8828125
0;41000;SQUID_INK;1945;21;;;;;1946;2;1947;7;1948;21;1945.5;-570.203125
0;41000;KELP;2029;21;;;;;2030;2;2031;7;2032;21;2029.5;-225.375
0;41000;RAINFOREST_RESIN;9998;10;9996;1;9995;20;10000;2;10004;1;10005;20;9999.0;220.0
0;41100;RAINFOREST_RESIN;9996;2;9995;23;;;10004;2;10005;23;;;10000.0;220.0
0;41100;SQUID_INK;1941;25;;;;;1945;25;;;;;1943.0;-500.69921875
0;41100;KELP;2029;25;;;;;2032;25;;;;;2030.5;-225.54736328125
0;41200;RAINFOREST_RESIN;9995;20;;;;;10005;20;;;;;10000.0;220.0
0;41200;SQUID_INK;1942;20;;;;;1946;20;;;;;1944.0;-521.6640625
0;41200;KELP;2029;20;;;;;2032;20;;;;;2030.5;-226.85107421875
0;41300;KELP;2030;8;2029;27;;;2033;27;;;;;2031.5;-227.3486328125
0;41300;RAINFOREST_RESIN;9995;27;;;;;10005;27;;;;;10000.0;220.0
0;41300;SQUID_INK;1943;8;1942;27;;;1946;27;;;;;1944.5;-522.609375
0;41400;SQUID_INK;1938;30;;;;;1941;30;;;;;1939.5;-432.734375
0;41400;KELP;2029;30;;;;;2032;1;2033;29;;;2030.5;-227.400390625
0;41400;RAINFOREST_RESIN;9996;1;9995;29;;;10004;1;10005;29;;;10000.0;220.0
0;41500;RAINFOREST_RESIN;9996;2;9995;29;;;10004;2;10005;29;;;10000.0;220.0
0;41500;SQUID_INK;1941;38;;;;;1944;31;;;;;1942.5;-495.25390625
0;41500;KELP;2030;7;2029;31;;;2033;31;;;;;2031.5;-227.68115234375
0;41600;RAINFOREST_RESIN;9995;26;;;;;10005;26;;;;;10000.0;220.0
0;41600;SQUID_INK;1940;26;;;;;1943;26;;;;;1941.5;-466.56640625
0;41600;KELP;2029;26;;;;;2032;26;;;;;2030.5;-226.94287109375
0;41700;KELP;2031;2;2029;23;;;2032;23;;;;;2031.5;-227.107421875
0;41700;RAINFOREST_RESIN;9995;23;;;;;10005;23;;;;;10000.0;220.0
0;41700;SQUID_INK;1944;2;1942;23;;;1945;23;;;;;1944.5;-514.30859375
0;41800;SQUID_INK;1944;21;;;;;1947;22;;;;;1945.5;-554.38671875
0;41800;KELP;2029;21;;;;;2032;22;;;;;2030.5;-259.5078125
0;41800;RAINFOREST_RESIN;9996;1;9995;21;;;10004;1;10005;21;;;10000.0;220.0
0;41900;RAINFOREST_RESIN;9995;28;;;;;10002;8;10005;28;;;9998.5;220.0
0;41900;SQUID_INK;1943;28;;;;;1947;28;;;;;1945.0;-538.828125
0;41900;KELP;2028;28;;;;;2032;28;;;;;2030.0;-269.85546875
0;42000;RAINFOREST_RESIN;9996;1;9995;27;;;9998;1;10004;1;10005;27;9997.0;220.0
0;42000;SQUID_INK;1945;28;;;;;1948;1;1949;27;;;1946.5;-580.7890625
0;42000;KELP;2029;1;2028;27;;;2032;28;;;;;2030.5;-265.9921875
0;42100;KELP;2029;29;;;;;2032;22;;;;;2030.5;-263.23828125
0;42100;RAINFOREST_RESIN;10002;2;9995;22;;;10005;22;;;;;10003.5;220.0
0;42100;SQUID_INK;1948;7;1947;22;;;1951;22;;;;;1949.5;-626.03515625
0;42200;SQUID_INK;1949;22;;;;;1952;22;;;;;1950.5;-655.21875
0;42200;KELP;2029;22;;;;;2032;22;;;;;2030.5;-265.17578125
0;42200;RAINFOREST_RESIN;9995;22;;;;;10005;22;;;;;10000.0;220.0
0;42300;RAINFOREST_RESIN;9996;2;9995;20;;;10004;2;10005;20;;;10000.0;220.0
0;42300;SQUID_INK;1945;2;1944;20;;;1948;22;;;;;1946.5;-564.65234375
0;42300;KELP;2028;22;;;;;2031;2;2032;20;;;2029.5;-273.4375
0;42400;RAINFOREST_RESIN;9996;2;9995;26;;;10002;2;10004;2;10005;26;9999.0;220.0
0;42400;SQUID_INK;1947;28;;;;;1950;28;;;;;1948.5;-615.05859375
0;42400;KELP;2028;28;;;;;2031;28;;;;;2029.5;-280.8671875
0;42500;KELP;2028;24;;;;;2030;2;2031;24;;;2029.0;-274.953125
0;42500;RAINFOREST_RESIN;9995;24;;;;;10005;24;;;;;10000.0;220.0
0;42500;SQUID_INK;1946;24;;;;;1948;2;1949;24;;;1947.0;-595.828125
0;42600;SQUID_INK;1949;1;1947;28;;;1950;28;;;;;1949.5;-613.5390625
0;42600;KELP;2030;1;2028;28;;;2031;28;;;;;2030.5;-274.1484375
0;42600;RAINFOREST_RESIN;9995;28;;;;;10005;28;;;;;10000.0;220.0
0;42700;RAINFOREST_RESIN;9996;1;9995;23;;;10004;1;10005;23;;;10000.0;220.0
0;42700;SQUID_INK;1949;24;;;;;1952;24;;;;;1950.5;-640.083984375
0;42700;KELP;2028;24;;;;;2031;24;;;;;2029.5;-282.20703125
0;42800;RAINFOREST_RESIN;9995;29;;;;;10000;2;10005;29;;;9997.5;220.0
0;42800;SQUID_INK;1948;29;;;;;1949;2;1952;29;;;1948.5;-644.68359375
0;42800;KELP;2028;29;;;;;2029;2;2031;29;;;2028.5;-275.34375
0;42900;KELP;2028;20;;;;;2031;20;;;;;2029.5;-321.18359375
0;42900;RAINFOREST_RESIN;10002;5;9995;20;;;10005;20;;;;;10003.5;220.0
0;42900;SQUID_INK;1948;20;;;;;1951;20;;;;;1949.5;-697.7890625
0;43000;SQUID_INK;1950;27;;;;;1953;27;;;;;1951.5;-728.0
0;43000;KELP;2028;27;;;;;2031;27;;;;;2029.5;-320.63671875
0;43000;RAINFOREST_RESIN;9996;1;9995;26;;;10002;6;10004;1;10005;26;9999.0;220.0
0;43100;RAINFOREST_RESIN;9998;9;9996;1;9995;24;10004;1;10005;24;;;10001.0;220.0
0;43100;SQUID_INK;1948;25;;;;;1951;25;;;;;1949.5;-697.41796875
0;43100;KELP;2028;1;2027;24;;;2031;25;;;;;2029.5;-318.904296875
0;43200;RAINFOREST_RESIN;9996;2;9995;29;;;10002;5;10004;2;10005;29;9999.0;220.0
0;43200;SQUID_INK;1948;31;;;;;1952;31;;;;;1950.0;-701.9453125
0;43200;KELP;2028;31;;;;;2031;31;;;;;2029.5;-322.154296875
0;43300;KELP;2030;1;2028;20;;;2031;20;;;;;2030.5;-322.73046875
0;43300;RAINFOREST_RESIN;9998;10;9995;20;;;10005;20;;;;;10001.5;224.0
0;43300;SQUID_INK;1949;1;1947;20;;;1951;20;;;;;1950.0;-678.03515625
0;43400;SQUID_INK;1947;24;;;;;1951;24;;;;;1949.0;-679.5
0;43400;KELP;2028;24;;;;;2032;24;;;;;2030.0;-327.54296875
0;43400;RAINFOREST_RESIN;9996;2;9995;22;;;10004;2;10005;22;;;10000.0;224.0
0;43500;RAINFOREST_RESIN;9996;1;9995;24;;;10002;7;10004;1;10005;24;9999.0;224.0
0;43500;SQUID_INK;1948;6;1947;25;;;1951;25;;;;;1949.5;-681.703125
0;43500;KELP;2029;6;2028;25;;;2031;1;2032;24;;;2030.0;-325.1796875
0;43600;RAINFOREST_RESIN;9995;22;;;;;10002;5;10005;22;;;9998.5;224.0
0;43600;SQUID_INK;1947;22;;;;;1949;1;1950;22;;;1948.0;-668.65625
0;43600;KELP;2028;22;;;;;2030;1;2032;22;;;2029.0;-325.8125
0;43700;KELP;2028;30;;;;;2031;30;;;;;2029.5;-324.333984375
0;43700;RAINFOREST_RESIN;9996;1;9995;29;;;10002;6;10004;1;10005;29;9999.0;224.0
0;43700;SQUID_INK;1947;30;;;;;1950;30;;;;;1948.5;-670.22265625
0;43800;RAINFOREST_RESIN;9996;1;9995;22;;;10004;1;10005;22;;;10000.0;224.0
0;43800;SQUID_INK;1946;23;;;;;1949;23;;;;;1947.5;-655.55859375
0;43800;KELP;2027;23;;;;;2031;23;;;;;2029.0;-317.240234375
0;43900;SQUID_INK;1946;32;;;;;1949;26;;;;;1947.5;-644.28515625
0;43900;KELP;2028;32;;;;;2031;26;;;;;2029.5;-315.57421875
0;43900;RAINFOREST_RESIN;9996;2;9995;24;;;10002;2;10004;2;10005;24;9999.0;224.0
0;44000;RAINFOREST_RESIN;10002;4;9998;10;9996;2;10004;2;10005;25;;;10003.0;224.0
0;44000;SQUID_INK;1946;27;;;;;1949;27;;;;;1947.5;-650.515625
0;44000;KELP;2028;27;;;;;2031;27;;;;;2029.5;-318.6953125
0;44100;SQUID_INK;1948;24;;;;;1950;4;1951;24;;;1949.0;-698.98046875
0;44100;KELP;2028;24;;;;;2030;4;2031;24;;;2029.0;-316.8515625
0;44100;RAINFOREST_RESIN;9996;2;9995;22;;;10004;2;10005;22;;;10000.0;224.0
0;44200;RAINFOREST_RESIN;9995;24;;;;;10005;24;;;;;10000.0;224.0
0;44200;KELP;2028;24;;;;;2031;24;;;;;2029.5;-314.44140625
0;44200;SQUID_INK;1946;24;;;;;1950;24;;;;;1948.0;-656.48828125
0;44300;SQUID_INK;1949;26;;;;;1952;26;;;;;1950.5;-724.9921875
0;44300;KELP;2028;26;;;;;2031;26;;;;;2029.5;-318.15234375
0;44300;RAINFOREST_RESIN;9996;2;9995;24;;;9998;2;10004;2;10005;24;9997.0;224.0
0;44400;SQUID_INK;1947;27;;;;;1950;26;;;;;1948.5;-678.44140625
0;44400;RAINFOREST_RESIN;9996;1;9995;25;;;10002;7;10004;1;10005;25;9999.0;224.0
0;44400;KELP;2028;27;;;;;2031;26;;;;;2029.5;-319.08984375
0;44500;SQUID_INK;1947;30;;;;;1950;30;;;;;1948.5;-680.66015625
0;44500;KELP;2028;30;;;;;2031;30;;;;;2029.5;-317.8515625
0;44500;RAINFOREST_RESIN;9995;30;;;;;10005;30;;;;;10000.0;224.0
0;44600;RAINFOREST_RESIN;9996;1;9995;21;;;10004;1;10005;21;;;10000.0;224.0
0;44600;KELP;2028;22;;;;;2031;22;;;;;2029.5;-319.87890625
0;44600;SQUID_INK;1948;22;;;;;1951;22;;;;;1949.5;-693.484375
0;44700;SQUID_INK;1947;27;;;;;1949;6;1950;27;;;1948.0;-680.70703125
0;44700;KELP;2028;27;;;;;2030;6;2031;27;;;2029.0;-321.7265625
0;44700;RAINFOREST_RESIN;9996;2;9995;25;;;10004;2;10005;25;;;10000.0;224.0
0;44800;SQUID_INK;1947;25;;;;;1949;3;1950;25;;;1948.0;-674.05078125
0;44800;RAINFOREST_RESIN;9995;25;;;;;10005;25;;;;;10000.0;224.0
0;44800;KELP;2028;25;;;;;2030;3;2031;25;;;2029.0;-320.640625
0;44900;SQUID_INK;1947;23;;;;;1950;23;;;;;1948.5;-676.2421875
0;44900;KELP;2028;23;;;;;2031;2;2032;21;;;2029.5;-323.75
0;44900;RAINFOREST_RESIN;9996;2;9995;21;;;10004;2;10005;21;;;10000.0;224.0
0;45000;RAINFOREST_RESIN;9996;1;9995;27;;;10004;1;10005;27;;;10000.0;224.0
0;45000;KELP;2028;27;;;;;2032;28;;;;;2030.0;-330.91015625
0;45000;SQUID_INK;1948;27;;;;;1951;28;;;;;1949.5;-697.3515625
0;45100;SQUID_INK;1947;27;;;;;1950;27;;;;;1948.5;-672.3828125
0;45100;KELP;2029;27;;;;;2032;27;;;;;2030.5;-334.796875
0;45100;RAINFOREST_RESIN;9995;27;;;;;9998;1;10005;27;;;9996.5;224.0
0;45200;SQUID_INK;1947;20;;;;;1950;21;;;;;1948.5;-679.7265625
0;45200;RAINFOREST_RESIN;10002;1;9996;1;9995;20;10004;1;10005;20;;;10003.0;224.0
0;45200;KELP;2029;20;;;;;2032;21;;;;;2030.5;-337.390625
0;45300;SQUID_INK;1947;22;;;;;1950;23;;;;;1948.5;-672.20703125
0;45300;KELP;2029;22;;;;;2032;23;;;;;2030.5;-332.62890625
0;45300;RAINFOREST_RESIN;9995;23;;;;;10005;23;;;;;10000.0;224.0
0;45400;RAINFOREST_RESIN;9998;4;9995;25;;;10005;25;;;;;10001.5;224.0
0;45400;KELP;2029;25;;;;;2032;25;;;;;2030.5;-333.7421875
0;45400;SQUID_INK;1947;25;;;;;1950;25;;;;;1948.5;-681.03125
0;45500;SQUID_INK;1946;21;;;;;1947;3;1949;21;;;1946.5;-654.5078125
0;45500;KELP;2029;18;;;;;2032;21;;;;;2030.5;-335.80078125
0;45500;RAINFOREST_RESIN;9996;1;9995;20;;;9998;3;10004;1;10005;20;9997.0;224.0
0;45600;SQUID_INK;1946;24;;;;;1948;6;1950;24;;;1947.0;-661.63671875
0;45600;RAINFOREST_RESIN;9996;1;9995;23;;;10004;1;10005;23;;;10000.0;224.0
0;45600;KELP;2029;24;;;;;2031;6;2032;24;;;2030.0;-337.81640625
0;45700;SQUID_INK;1946;23;;;;;1949;23;;;;;1947.5;-639.30859375
0;45700;KELP;2029;23;;;;;2032;23;;;;;2030.5;-337.07421875
0;45700;RAINFOREST_RESIN;10002;1;9996;2;9995;21;10004;2;10005;21;;;10003.0;224.0
0;45800;RAINFOREST_RESIN;10000;5;9998;7;9996;2;10004;2;10005;30;;;10002.0;224.0
0;45800;KELP;2030;5;2029;32;;;2032;32;;;;;2031.0;-334.72265625
0;45800;SQUID_INK;1947;5;1946;32;;;1949;32;;;;;1948.0;-642.26171875
0;45900;SQUID_INK;1945;25;;;;;1948;1;1949;25;;;1946.5;-631.7265625
0;45900;KELP;2029;25;;;;;2032;26;;;;;2030.5;-336.875
0;45900;RAINFOREST_RESIN;9998;8;9996;1;9995;25;10004;1;10005;25;;;10001.0;224.0
0;46000;SQUID_INK;1946;23;;;;;1949;23;;;;;1947.5;-645.2421875
0;46000;RAINFOREST_RESIN;9995;23;;;;;9998;1;10005;23;;;9996.5;224.0
0;46000;KELP;2029;23;;;;;2032;23;;;;;2030.5;-337.41796875
0;46100;SQUID_INK;1947;4;1946;25;;;1950;25;;;;;1948.5;-660.46484375
0;46100;KELP;2030;4;2029;25;;;2033;25;;;;;2031.5;-342.60546875
0;46100;RAINFOREST_RESIN;9995;25;;;;;10005;25;;;;;10000.0;224.0
0;46200;RAINFOREST_RESIN;9995;24;;;;;10005;24;;;;;10000.0;224.0
0;46200;KELP;2029;28;;;;;2033;24;;;;;2031.0;-341.1015625
0;46200;SQUID_INK;1946;28;;;;;1949;24;;;;;1947.5;-650.11328125
0;46300;SQUID_INK;1946;28;;;;;1949;28;;;;;1947.5;-642.61328125
0;46300;KELP;2029;28;;;;;2033;28;;;;;2031.0;-342.9453125
0;46300;RAINFOREST_RESIN;9996;2;9995;26;;;10004;2;10005;26;;;10000.0;224.0
0;46400;KELP;2031;1;2029;24;;;2033;24;;;;;2032.0;-342.9453125
0;46400;SQUID_INK;1948;1;1946;24;;;1949;24;;;;;1948.5;-642.6953125
0;46400;RAINFOREST_RESIN;9995;24;;;;;10005;24;;;;;10000.0;224.0
0;46500;SQUID_INK;1947;2;1945;30;;;1949;30;;;;;1948.0;-635.78515625
0;46500;RAINFOREST_RESIN;9996;1;9995;29;;;9998;1;10004;1;10005;29;9997.0;224.0
0;46500;KELP;2031;2;2030;30;;;2033;30;;;;;2032.0;-349.37109375
0;46600;RAINFOREST_RESIN;9998;1;9995;28;;;10005;28;;;;;10001.5;224.0
0;46600;KELP;2032;1;2030;4;2029;28;2033;28;;;;;2032.5;-348.2421875
0;46600;SQUID_INK;1949;1;1947;32;;;1950;28;;;;;1949.5;-677.9453125
0;46700;KELP;2030;30;;;;;2033;30;;;;;2031.5;-351.7734375
0;46700;SQUID_INK;1947;30;;;;;1951;30;;;;;1949.0;-714.078369140625
0;46700;RAINFOREST_RESIN;9996;1;9995;29;;;10004;1;10005;29;;;10000.0;224.0
0;46800;KELP;2030;25;;;;;2033;25;;;;;2031.5;-353.60546875
0;46800;SQUID_INK;1947;25;;;;;1950;25;;;;;1948.5;-714.54541015625
0;46800;RAINFOREST_RESIN;9995;25;;;;;10005;25;;;;;10000.0;224.0
0;46900;SQUID_INK;1947;30;;;;;1948;10;1950;1;1951;29;1947.5;-714.29248046875
0;46900;RAINFOREST_RESIN;9996;1;9995;29;;;10002;3;10004;1;10005;29;9999.0;224.0
0;46900;KELP;2029;29;;;;;2030;9;2033;30;;;2029.5;-346.2578125
0;47000;RAINFOREST_RESIN;9996;1;9995;22;;;10004;1;10005;22;;;10000.0;224.0
0;47000;KELP;2029;23;;;;;2033;23;;;;;2031.0;-335.93359375
0;47000;SQUID_INK;1948;23;;;;;1951;23;;;;;1949.5;-694.611328125
0;47100;KELP;2029;22;;;;;2033;22;;;;;2031.0;-336.8828125
0;47100;SQUID_INK;1947;22;;;;;1950;22;;;;;1948.5;-712.671875
0;47100;RAINFOREST_RESIN;9995;22;;;;;9998;1;10005;22;;;9996.5;224.0
0;47200;KELP;2032;1;2029;23;;;2033;23;;;;;2032.5;-335.328125
0;47200;SQUID_INK;1949;1;1947;23;;;1950;23;;;;;1949.5;-710.203125
0;47200;RAINFOREST_RESIN;9996;2;9995;21;;;10004;2;10005;21;;;10000.0;224.0
0;47300;SQUID_INK;1947;5;1946;21;;;1950;21;;;;;1948.5;-759.703125
0;47300;RAINFOREST_RESIN;9995;21;;;;;10005;21;;;;;10000.0;224.0
0;47300;KELP;2030;26;;;;;2033;21;;;;;2031.5;-336.9921875
0;47400;RAINFOREST_RESIN;9998;7;9995;22;;;10005;22;;;;;10001.5;224.0
0;47400;KELP;2032;5;2030;22;;;2033;22;;;;;2032.5;-336.546875
0;47400;SQUID_INK;1948;5;1946;22;;;1950;22;;;;;1949.0;-761.984375
0;47500;KELP;2030;22;;;;;2032;5;2033;22;;;2031.0;-337.69921875
0;47500;SQUID_INK;1946;22;;;;;1948;5;1949;1;1950;21;1947.0;-765.6015625
0;47500;RAINFOREST_RESIN;9996;1;9995;21;;;9998;1;10004;1;10005;21;9997.0;224.0
0;47600;KELP;2030;21;;;;;2033;21;;;;;2031.5;-334.486328125
0;47600;SQUID_INK;1945;21;;;;;1948;21;;;;;1946.5;-812.6484375
0;47600;RAINFOREST_RESIN;9998;5;9995;21;;;10005;21;;;;;10001.5;224.0
0;47700;SQUID_INK;1947;23;;;;;1949;4;1950;23;;;1948.0;-748.046875
0;47700;RAINFOREST_RESIN;9998;1;9995;23;;;10005;23;;;;;10001.5;224.0
0;47700;KELP;2029;23;;;;;2032;4;2033;23;;;2030.5;-332.205078125
0;47800;RAINFOREST_RESIN;9995;20;;;;;10005;20;;;;;10000.0;224.0
0;47800;KELP;2029;20;;;;;2031;7;2033;20;;;2030.0;-318.6201171875
0;47800;SQUID_INK;1948;20;;;;;1950;7;1951;20;;;1949.0;-699.5078125
0;47900;KELP;2029;23;;;;;2033;23;;;;;2031.0;-319.2412109375
0;47900;SQUID_INK;1948;23;;;;;1951;23;;;;;1949.5;-702.078125
0;47900;RAINFOREST_RESIN;9995;23;;;;;10005;23;;;;;10000.0;224.0
0;48000;KELP;2029;27;;;;;2033;27;;;;;2031.0;-319.388671875
0;48000;SQUID_INK;1947;27;;;;;1951;27;;;;;1949.0;-726.8984375
0;48000;RAINFOREST_RESIN;10002;2;9996;1;9995;26;10004;1;10005;26;;;10003.0;224.0
0;48100;RAINFOREST_RESIN;9996;1;9995;29;;;10004;1;10005;29;;;10000.0;224.0
0;48100;SQUID_INK;1948;30;;;;;1950;1;1952;30;;;1949.0;-691.78125
0;48100;KELP;2029;30;;;;;2031;1;2033;30;;;2030.0;-319.21875
0;48200;RAINFOREST_RESIN;9996;1;9995;26;;;10004;1;10005;26;;;10000.0;224.0
0;48200;KELP;2030;1;2029;27;;;2033;27;;;;;2031.5;-318.6787109375
0;48200;SQUID_INK;1949;28;;;;;1952;27;;;;;1950.5;-679.171875
0;48300;KELP;2029;21;;;;;2030;4;2032;21;;;2029.5;-317.158203125
0;48300;RAINFOREST_RESIN;9998;4;9996;1;9995;20;10004;1;10005;20;;;10001.0;224.0
0;48300;SQUID_INK;1948;21;;;;;1949;4;1951;21;;;1948.5;-701.6484375
0;48400;KELP;2029;32;;;;;2031;6;2032;32;;;2030.0;-313.94091796875
0;48400;SQUID_INK;1949;32;;;;;1951;6;1952;2;1953;30;1950.0;-721.3671875
0;48400;RAINFOREST_RESIN;9996;2;9995;30;;;10004;2;10005;30;;;10000.0;224.0
0;48500;RAINFOREST_RESIN;9995;29;;;;;10005;29;;;;;10000.0;224.0
0;48500;SQUID_INK;1949;29;;;;;1953;29;;;;;1951.0;-717.833984375
0;48500;KELP;2029;29;;;;;2032;29;;;;;2030.5;-314.47607421875
0;48600;RAINFOREST_RESIN;9996;1;9995;26;;;10004;1;10005;26;;;10000.0;224.0
0;48600;SQUID_INK;1950;27;;;;;1953;27;;;;;1951.5;-710.865234375
0;48600;KELP;2029;27;;;;;2032;27;;;;;2030.5;-314.37646484375
0;48700;KELP;2029;23;;;;;2030;2;2032;23;;;2029.5;-314.5595703125
0;48700;RAINFOREST_RESIN;9996;1;9995;22;;;10000;2;10004;1;10005;22;9998.0;224.0
0;48700;SQUID_INK;1950;23;;;;;1951;2;1953;23;;;1950.5;-713.939453125
0;48800;SQUID_INK;1950;29;;;;;1953;29;;;;;1951.5;-749.38671875
0;48800;KELP;2029;29;;;;;2032;29;;;;;2030.5;-313.0
0;48800;RAINFOREST_RESIN;9996;1;9995;28;;;10004;1;10005;28;;;10000.0;224.0
0;48900;RAINFOREST_RESIN;9995;22;;;;;10005;22;;;;;10000.0;224.0
0;48900;SQUID_INK;1952;21;;;;;1955;22;;;;;1953.5;-767.28125
0;48900;KELP;2029;21;;;;;2033;22;;;;;2031.0;-313.0
0;49000;RAINFOREST_RESIN;9996;1;9995;28;;;10004;1;10005;28;;;10000.0;224.0
0;49000;SQUID_INK;1951;29;;;;;1954;29;;;;;1952.5;-756.505859375
0;49000;KELP;2029;29;;;;;2032;29;;;;;2030.5;-313.0
0;49100;KELP;2029;30;;;;;2032;30;;;;;2030.5;-313.0
0;49100;RAINFOREST_RESIN;9995;30;;;;;10005;30;;;;;10000.0;228.0
0;49100;SQUID_INK;1951;30;;;;;1955;30;;;;;1953.0;-761.232421875
0;49200;SQUID_INK;1952;26;;;;;1955;26;;;;;1953.5;-764.22265625
0;49200;KELP;2029;26;;;;;2032;26;;;;;2030.5;-313.0
0;49200;RAINFOREST_RESIN;10002;3;9996;1;9995;25;10004;1;10005;25;;;10003.0;228.0
0;49300;RAINFOREST_RESIN;9998;3;9995;29;;;10005;29;;;;;10001.5;228.0
0;49300;SQUID_INK;1952;6;1951;29;;;1955;29;;;;;1953.5;-760.59765625
0;49300;KELP;2029;35;;;;;2032;29;;;;;2030.5;-313.0
0;49400;RAINFOREST_RESIN;9996;1;9995;22;;;10004;1;10005;22;;;10000.0;228.0
0;49400;SQUID_INK;1951;23;;;;;1955;23;;;;;1953.0;-760.716796875
0;49400;KELP;2029;23;;;;;2032;23;;;;;2030.5;-313.0
0;49500;KELP;2029;25;;;;;2032;25;;;;;2030.5;-313.0
0;49500;RAINFOREST_RESIN;9996;1;9995;24;;;10004;1;10005;24;;;10000.0;228.0
0;49500;SQUID_INK;1951;25;;;;;1954;25;;;;;1952.5;-758.6171875
0;49600;SQUID_INK;1951;30;;;;;1952;3;1954;30;;;1951.5;-757.443359375
0;49600;KELP;2029;30;;;;;2030;3;2032;30;;;2029.5;-313.0
0;49600;RAINFOREST_RESIN;9996;2;9995;28;;;10000;3;10002;9;10004;2;9998.0;228.0
0;49700;RAINFOREST_RESIN;9995;21;;;;;10005;21;;;;;10000.0;228.0
0;49700;SQUID_INK;1953;1;1952;6;1951;21;1955;21;;;;;1954.0;-757.369140625
0;49700;KELP;2031;1;2029;27;;;2032;21;;;;;2031.5;-311.041015625
0;49800;RAINFOREST_RESIN;9995;20;;;;;10002;7;10005;20;;;9998.5;228.0
0;49800;SQUID_INK;1952;19;;;;;1955;20;;;;;1953.5;-762.5205078125
0;49800;KELP;2029;19;;;;;2033;20;;;;;2031.0;-335.03125
0;49900;KELP;2030;5;2029;24;;;2033;24;;;;;2031.5;-331.96484375
0;49900;RAINFOREST_RESIN;9996;1;9995;23;;;10004;1;10005;23;;;10000.0;228.0
0;49900;SQUID_INK;1955;5;1954;24;;;1957;1;1958;23;;;1956.0;-777.232421875
0;50000;SQUID_INK;1955;2;1954;24;;;1958;26;;;;;1956.5;-778.939453125
0;50000;KELP;2029;26;;;;;2032;26;;;;;2030.5;-337.8515625
0;50000;RAINFOREST_RESIN;9996;2;9995;24;;;10002;5;10004;2;10005;24;9999.0;228.0
0;50100;RAINFOREST_RESIN;10002;4;9996;2;9995;22;10004;2;10005;22;;;10003.0;228.0
0;50100;SQUID_INK;1953;24;;;;;1956;24;;;;;1954.5;-768.5576171875
0;50100;KELP;2029;24;;;;;2032;24;;;;;2030.5;-340.765625
0;50200;RAINFOREST_RESIN;9996;1;9995;28;;;10004;1;10005;28;;;10000.0;228.0
0;50200;SQUID_INK;1953;29;;;;;1957;29;;;;;1955.0;-771.423828125
0;50200;KELP;2029;1;2028;28;;;2032;29;;;;;2030.5;-349.265625
0;50300;KELP;2029;23;;;;;2031;4;2032;23;;;2030.0;-341.48828125
0;50300;RAINFOREST_RESIN;9995;23;;;;;10005;23;;;;;10000.0;228.0
0;50300;SQUID_INK;1952;23;;;;;1954;4;1956;23;;;1953.0;-764.029296875
0;50400;SQUID_INK;1954;22;;;;;1957;23;;;;;1955.5;-773.970703125
0;50400;KELP;2029;22;;;;;2032;23;;;;;2030.5;-342.3984375
0;50400;RAINFOREST_RESIN;9996;2;9995;21;;;10004;2;10005;21;;;10000.0;228.0
0;50500;RAINFOREST_RESIN;10000;4;9998;7;9996;1;10004;1;10005;27;;;10002.0;228.0
0;50500;SQUID_INK;1954;4;1953;28;;;1956;28;;;;;1955.0;-767.05859375
0;50500;KELP;2030;4;2029;28;;;2032;28;;;;;2031.0;-346.92578125
0;50600;RAINFOREST_RESIN;9998;7;9996;2;9995;22;10000;5;10004;2;10005;22;9999.0;228.0
0;50600;SQUID_INK;1952;24;;;;;1953;4;1955;24;;;1952.5;-761.19921875
0;50600;KELP;2029;24;;;;;2030;4;2032;24;;;2029.5;-346.44140625
0;50700;KELP;2029;20;;;;;2032;20;;;;;2030.5;-340.9296875
0;50700;RAINFOREST_RESIN;9998;9;9995;20;;;10005;20;;;;;10001.5;228.0
0;50700;SQUID_INK;1951;20;;;;;1954;20;;;;;1952.5;-760.07421875
0;50800;SQUID_INK;1951;28;;;;;1954;28;;;;;1952.5;-766.43359375
0;50800;KELP;2029;28;;;;;2032;28;;;;;2030.5;-340.734375
0;50800;RAINFOREST_RESIN;9998;7;9996;2;9995;26;10004;2;10005;26;;;10001.0;228.0
0;50900;RAINFOREST_RESIN;9998;2;9995;30;;;10000;5;10005;30;;;9999.0;228.0
0;50900;SQUID_INK;1951;29;;;;;1952;5;1954;30;;;1951.5;-758.76171875
0;50900;KELP;2029;29;;;;;2030;5;2032;30;;;2029.5;-338.1484375
